4830 6188
1303 416 1364 509 48

430 594 608 690 ammonii
642 612 800 687 caustiei
834 614 868 686 ei
903 608 1055 685 admoto
1084 604 1193 686 albas
1226 603 1434 686 nubeculas
1450 698 1452 703 ,
1468 609 1657 706 officiens,
1698 617 1853 712 praeter
1886 610 2034 688 acidum
2062 614 2248 688 scoticum

430 744 487 815 sic
516 739 781 816 denunciatum
809 738 920 810 ctiam
945 736 1175 811 'ammonium
1210 725 1395 810 arcticum
1428 730 1659 811 continebat.
1695 736 1812 813 Nam
1839 734 1981 812 serrum
2007 740 2249 819 muriaticam

430 862 659 966 peculiarem
688 856 794 935 illum
820 852 1039 937 ruborem·
1026 885 1066 934 ιιι
1094 884 1141 938 oo
1170 854 1371 955 evocabat,
1410 885 1483 937 ncc
1514 862 1640 975 miuus
1677 858 1960 964 hydrargyrum
1999 860 2248 965 oxydulatum

430 991 605 1065 uitricum
634 982 884 1061 sedimsutum
918 988 1043 1086 primo
1077 979 1203 1060 album
1237 982 1373 1061 deinde
1405 968 1632 1085 nigrorem
1667 981 1769 1061 facit.
1824 988 2035 1099 Argentum
2071 988 2248 1069 uitricum

430 1111 618 1214 liquorem
647 1134 809 1237 opacum
836 1107 1012 1186 reddidit.
1087 1148 1093 1165 «

1195 1336 1403 1427 Experto.
1437 1340 1494 1407 35.

567 1479 696 1561 Libris
724 1480 983 1584 duodeviginti
1012 1482 1136 1589 cbymi
1165 1464 1263 1560 acidi
1292 1482 1452 1560 duarum
1480 1487 1606 1561 ovium
1635 1508 1756 1561 arena
1782 1493 1980 1586 pastorum
2000 1484 2252 1563 sufficientem

436 1613 683 1760 quantitatem
712 1634 836 1712 aquae
863 1606 1001 1703 inludi,
1029 1614 1223 1713 totamque
1251 1636 1417 1686 massam
1444 1611 1485 1685 in
1512 1611 1677 1686 vesicam
1705 1608 2034 1686 destillatoriam¹
2022 1614 2178 1706 immisi,
2210 1618 2253 1684 ut

434 1737 570 1812 unciae
587 1722 639 1810 23
657 1731 821 1837 liquoris
845 1729 938 1809 inde
965 1730 1284 1843 destillarentur.
1308 1734 1575 1825 Quaeinvesi
1639 1740 1920 1831 remanserant,
1958 1760 2036 1810 non
2051 1760 2162 1810 omne
2176 1738 2254 1810 'aci-
2321 1767 2328 1777 ’

436 1860 524 1938 dum
552 1859 776 1954 amiserant,
803 1859 856 1931 ita
882 1861 925 1931 ut
957 1860 1005 1935 12
1031 1883 1156 1960 grana
1183 1856 1257 1934 cali
1284 1855 1480 1935 sarbonici
1507 1885 1571 1937 ess
1620 1865 1637 1934 t
1662 1884 1884 1936 necessaria
1902 1856 1952 1935 ud
1971 1884 2018 1935 ea
2030 1846 2252 1960 saturanda.

435 1960 585 2088 lnquor
611 1979 759 2059 elicitus
787 1978 936 2057 acidam
961 2007 1056 2083 prae
1084 2006 1126 2061 se
1154 1978 1301 2059 larebat
1328 1991 1474 2081 notam,
1503 1982 1789 2097 calefactosque
1816 2009 1902 2058 eum
1929 1955 2082 2059 admoto
2102 1980 2265 2103 liquors'

438 2110 617 2186 ammonii
650 2110 809 2182 caustici
840 2100 1051 2183 nubeculas
1085 2102 1193 2182 albas
1227 2110 1404 2183 ammonii
1433 2110 1567 2185 acetici
1595 2090 1721 2184 dabat.
1776 2106 1903 2213 liujus
1928 2104 2092 2210 liquoris
2117 2109 2254 2183 unciae

437 2241 517 2310 tres
543 2257 669 2335 grana
697 2233 863 2335 quinque
890 2227 1018 2329 (totus
1045 2233 1164 2332 igitur
1191 2237 1343 2309 circiter
1375 2258 1500 2333 grana
1528 2234 1605 2332 38)
1632 2232 1710 2309 lali
1743 2227 1938 2309 sarbonici
1972 2229 2021 2307 ad
2054 2234 2255 2307 saturatio·

437 2384 523 2437 uem
551 2349 809 2460 requirebant.

556 2480 745 2555 lnlusum
773 2505 977 2584 aquosum,
1005 2504 1056 2556 ex
1073 2483 1196 2557 unciis
1214 2505 1286 2556 sex
1312 2483 1551 2584 ingestorum
1578 2476 1752 2558 abomasi
1777 2478 1948 2587 ejusdcm
1967 2483 2051 2556 ovis
2068 2486 2257 2582 paratum,

441 2605 550 2685 acide
579 2601 728 2709 quidem
755 2599 908 2706 agebat,
935 2602 1005 2682 sed
1033 2628 1083 2681 ex
1109 2607 1246 2681 minori
1266 2613 1410 2681 tuntum
1428 2615 1538 2708 parte
1558 2604 1714 2683 volatile
1736 2614 1838 2705 erat;
1866 2631 1953 2681 nam
1969 2611 2173 2709 postquam
2187 2630 2259 2706 per

441 2728 739 2810 destillationem
748 2724 884 2809 uncias
897 2737 1062 2832 quatuor
1086 2726 1218 2825 elicui,
1246 2757 1346 2835 queo
1371 2739 1653 2828 remanserunt,
1681 2756 1792 2808 omns
1819 2729 1901 2808 sera
1924 2728 2074 2806 acidum
2102 2727 2258 2807 donnus

441 2858 582 2936 laetum
611 2852 735 2930 odbuo
761 2847 969 2949 babobant,
995 2880 1119 2958 nequo
1146 2851 1274 2960 liquor
1302 2854 1514 2933 destillatus
1542 2855 1631 2958 plus
1660 2853 1760 2932 acidi
1774 2861 1993 2955 acceperat,
2022 2877 2135 2958 quam
2155 2837 2285 2957 quod'

443 2977 640 3059 sufficeret
666 2977 714 3053 ad
741 3003 858 3054 unum
884 3001 1048 3081 granum
1076 2976 1149 3055 cali
1179 2962 1372 3056 sarbonici
1399 2978 1659 3057 saturandum.

574 3101 785 3181 iudicatum
807 3100 891 3207 jam
919 3107 983 3180 24.
1012 3106 1272 3206 experlmento
1300 3109 1360 3182 est
1387 3102 1536 3181 acidum
1563 3082 1687 3208 eljmi
1714 3130 1735 3181 c
1762 3099 1973 3206 ventriculo
1996 3101 2115 3198 rituli,
2144 3084 2259 3185 modo

445 3227 624 3308 ablactati
651 3226 831 3330 larrc'quc
866 3226 1123 3304 frumentaceo
1153 3230 1255 3331 pasti
1262 3215 1289 3325 ,¹
1319 3254 1420 3332 aqua
1454 3228 1683 3306 destillatum
1716 3225 1872 3305 volatile
1905 3208 1993 3305 sese
2026 3222 2259 3304 exhibuisse.

423 3396 432 3403 -
544 3338 551 3351 ’
578 3349 801 3455 Postquam
817 3376 909 3427 vero
937 3347 1136 3428 observavi
1168 3350 1228 3429 vel
1261 3350 1459 3430 ventriculi
1492 3355 1646 3455 ingesta
1677 3357 1781 3454 ipsa,
1822 3348 1883 3428 rol
1910 3346 2048 3456 aquam
2074 3346 2136 3426 bis
2162 3351 2262 3426 inlo-

446 3504 546 3575 sam,
585 3474 841 3555 destillatione
873 3483 1027 3577 praeter
1054 3476 1204 3553 acidum
1230 3473 1390 3575 libqrum
1419 3480 1532 3554 ctiam
1559 3478 1744 3554 aceticum
1777 3483 1826 3552 etv
1849 3478 2088 3552 muriaticam
2121 3472 2263 3551 ammo·

444 3608 549 3684 ιιίιιιιι
582 3601 692 3697 darc,
732 3605 960 3702 ammonium
999 3604 1237 3680 muriaticam
1276 3610 1402 3679 autem
1440 3604 1595 3677 nonnisi
1628 3599 1678 3677 ed
1710 3599 1823 3676 linem
1856 3597 2134 3695 destillationis
2158 3598 2264 3677 clici:

446 3728 623 3831 separavi
655 3727 765 3827 prius
792 3724 1027 3831 altarumque
1047 3724 1240 3803 dimidium
1268 3754 1391 3831 aquas
1419 3753 1489 3828 por
1516 3722 1809 3802 destillationem
1837 3727 2076 3825 ingestorum
2103 3727 2263 3800 rumluis
2330 3820 2338 3831 .

449 3880 499 3932 ex
535 3878 606 3928 ura
639 3836 850 3927 exhibitae.⁴
901 3853 978 3927 Per
1010 3854 1213 3955 utriusqus
1251 3854 1569 3928 examinationem
1602 3858 1681 3923 tum
1719 3847 1879 3924 edoctus
1918 3872 2019 3943 sum,
2058 3850 2167 3947 prius
2205 3874 2266 3923 ur·

390 3992 394 3999 '
448 3985 567 4081 ganto
604 3977 745 4051 uitrico
784 3976 937 4052 minime
979 3971 1144 4070 turbari,
1196 3973 1355 4053 alterum
1400 3999 1562 4078 opacum
1601 3970 1706 4072 lieri3
1754 3972 1896 4048 serrum
1936 3973 2128 4045 aceticum
2157 3974 2265 4072 priua
2368 4016 2380 4027 -

413 4091 416 4096 ¹
450 4098 643 4203 dimidium
670 4102 819 4177 intense
844 4099 1007 4195 fulvum,
1034 4097 1194 4178 altarum
1221 4106 1347 4176 autem
1373 4093 1529 4176 rubrum
1558 4097 1660 4176 dare.
1717 4097 1929 4200 Utrumque
1940 4093 2133 4170 dimidium
2146 4121 2267 4200 acque

448 4221 599 4300 acidum
625 4229 720 4300 arat.

1221 4470 1430 4557 Experim.
1464 4471 1519 4544 36.

585 4618 648 4692 Ex
681 4580 816 4692 norem
849 4618 974 4693 unciis
1013 4615 1137 4721 ebymi
1170 4615 1428 4693 eventrieulo
1457 4619 1557 4712 suis,
1595 4619 1691 4717 pisis
1724 4618 1844 4717 pasti,
1878 4613 2030 4720 adjecta
2056 4613 2270 4696 sufficiente

384 4741 663 4846 quantitate
698 4765 838 4844 aquae,
877 4745 1013 4819 undas
1047 4768 1118 4819 sex
1151 4767 1235 4839 cum
1271 4740 1425 4817 dimidia
1459 4736 1670 4817 destillatae
1703 4747 1804 4817 sont.
1858 4736 2104 4817 Destillatum
2121 4739 2270 4819 acidum

451 4863 649 4961 redolens,
678 4862 820 4941 velut
809 4889 893 4966 ipsa
921 4864 1078 4968 cbymus
1103 4869 1302 4967 proprium
1331 4845 1435 4942 dedit
1461 4863 1619 4941 odorem
1647 4867 1906 4943 accessorium
1923 4863 2136 4943 animalem.
2191 4866 2272 4943 llo·

441 4990 515 5099 jus
538 4987 739 5069 dracbmae
761 4989 809 5070 17
826 4987 1071 5093 postularunt
1095 5015 1220 5121 grana
1251 4991 1299 5068 15
1328 4987 1403 5069 cali
1420 4983 1614 5067 sarbonici
1632 4988 1681 5066 ad
1699 4993 1988 5086 saturationem,
2017 4993 2073 5066 sic
2089 4996 2133 5066 ut
2147 5015 2275 5096 grana
2365 5000 2370 5045 ’-
