4808 6186
798 1481 1439 1612 osculo

71 1799 73 1803 .
205 1671 289 1815 'dc
324 1699 740 1848 Phyaiologia
775 1670 1039 1810 ceteram
1080 1697 1603 1840 reccatioimmpae
1636 1703 2025 1843 'comparatas

1023 1928 1034 1947 “·
1056 1909 1181 2003 deque
1515 1989 1525 2000 ,

692 2045 1021 2157 ammone
1056 2072 1554 2153 rnrsronooram
1705 2117 1709 2130 -

565 2263 711 2364 ipsius
750 2239 1008 2361 organicam·
1043 2251 1333 2332 substantiae
1371 2279 1593 2359 congruo.
1626 2253 1669 2358 ¹³)

73 2791 76 2795 ·
213 2687 481 2825 Medicinam
507 2744 679 2836 ueterum
707 2742 747 2819 et
772 2743 1027 2819 recentiorum
1055 2737 1259 2842 diligenter
1287 2738 1523 2841 comparanti
1549 2735 1662 2815 facile
1688 2759 1868 2840 magnum
1896 2736 1935 2815 id
1950 2736 2028 2817 im

209 2872 360 2951 ‚cumen
387 2891 474 2942 sese
502 2864 634 2963 oli‘ert,
662 2864 886 2963 Auditorcs,
920 2865 1027 2969 quod
1047 2893 1109 2962 ea,
1138 2890 1250 2969 quam
1273 2890 1374 2940 nune
1395 2861 1677 2971 physiologiam
1704 2889 1902 2959 vocamus,
1934 2889 2028 2967 pars
2058 2882 2060 2886 '

215 2996 299 3087 vix,
316 2993 469 3068 nomine
492 3017 571 3066 nou
586 3017 648 3087 re,
676 2988 779 3092 apud
804 2993 952 3068 veteres
981 2990 1140 3081 exstitit.
1192 2991 1474 3091 Principiorum
1499 2988 1648 3091 quidem
1670 2984 2050 3093 humanae'animaqx

214 3114 338 3219 lisque
357 3116 542 3191 'sanitatis
569 3113 902 3216 investigationem
934 3113 1155 3216 philosophi
1189 3110 1264 3190 sihi
1301 3111 1600 3210 vindicaverant,
1640 3116 1704 3218 qui
1724 3100 1851 3225 ¹nulla¹
1877 3104 2030 3193 medici·

85 3291 94 3300 -
200 3230 287 3339 Jnae
308 3236 439 3317 ha‘hiia
461 3242 620 3329 ratione,
634 3242 830 3316 scientiam
853 3239 950 3315 hunc
973 3237 1237 3317 excoluerunt.
1292 3236 1450 3314 Accedit
1472 3237 1574 3342 quod
1598 3243 1638 3314 in
1665 3237 1737 3315 hac
1763 3265 1890 3315 rerum
1919 3220 2030 3318 natuss

214 3390 281 3444 rac
303 3362 624 3466 contemplatione
646 3362 739 3441 nihil
761 3368 836 3441 nisi
858 3365 979 3440 totius
998 3363 1130 3439 mundi
1145 3363 1377 3439 harmoniam
1393 3361 1610 3465 intelligere
1627 3346 1754 3438 conati
1771 3365 1878 3461 suut,
1906 3390 2029 3470 neque
2154 3416 2157 3420 -

217 3488 484 3585 differentiam,
512 3494 590 3565 iuro
613 3493 736 3591 ipsam
759 3491 927 3566 mutuam
950 3487 1243 3594 disjunctionem
1265 3488 1364 3564 vitae
1387 3513 1592 3590 corporum
1615 3492 1884 3589 organicorum
1902 3491 1941 3564 et
1963 3492 2030 3566 an·¹

214 3618 486 3715 organicorum
510 3609 740 3711 hahuerunt,
763 3613 834 3692 sed
856 3616 1056 3718 utriusque
1076 3616 1268 3691 actionum
1293 3638 1429 3688 causas
1451 3616 1490 3687 in
1512 3609 1648 3689 iisdem
1666 3608 1863 3692 elementis
1880 3639 2033 3691 corum·

218 3763 292 3842 qne
314 3733 560 3840 qualitatihus
582 3740 808 3841 posuerunt.
862 3740 966 3815 Vera
985 3742 1106 3841 igitur
1129 3741 1339 3840 organismi
1365 3739 1473 3811 notio
1500 3741 1709 3840 viriumque
1733 3736 1816 3842 ejus
1839 3764 1862 3813 a
1884 3765 2029 3816 macro·

218 3887 348 3937 cosmo
372 3859 591 3959 diversitas,
618 3869 657 3940 in
679 3867 849 3958 veterum
877 3862 1064 3941 medicina
1084 3889 1247 3965 prorsus
1269 3844 1525 3957 desideratur,
1554 3887 1778 3964 quamquam
1801 3861 2030 3963 phaenome-

217 4011 353 4062 norum
370 3983 621 4062 differentiam
638 3993 732 4065 setis
746 3986 847 4065 hene
864 3992 1065 4066 noverunt.
1118 3990 1172 4064 Et
1188 3991 1240 4083 si,
1268 3985 1371 4090 quod
1387 3988 1532 4062 nostris
1548 3982 1787 4087 temporibus
1803 3990 2029 4088 perpetuu

217 4108 382 4205 videtur,
411 4113 624 4211 specierum
647 4118 915 4214 organicorum
933 4114 1193 4216 cognitionem
1208 4109 1420 4187 naturalem
1443 4102 1657 4206 historiam,
1685 4112 1917 4190 internarum
1942 4139 2030 4191 cau·

218 4258 346 4312 aarum
372 4236 499 4311 autem
527 4234 810 4340 physiologiam
843 4236 1097 4340 appellamus,
1140 4236 1313 4341 sequitur
1338 4238 1382 4312 ui
1408 4233 1510 4336 apud
1530 4236 1679 4311 veterae
1700 4235 1800 4311 vitae
1824 4241 2029 4338 organicae

218 4361 391 4462 cognitio
413 4356 499 4463 ejus
521 4358 784 4438 tantummodo
806 4354 969 4438 historia
989 4359 1176 4466 naturalis
1198 4359 1325 4439 suerit.
1379 4360 1477 4434 Nam
1505 4356 1639 4434 medici
1660 4359 1847 4435 internam
1866 4358 2029 4438 hominis

218 4480 402 4561 iahricam
421 4482 641 4584 Herophili,
667 4477 913 4584 Erasistrati,
941 4476 1077 4563 Geloni
1093 4484 1329 4590 aliorumque
1340 4482 1516 4586 exemplo
1533 4470 1764 4581 scrutantes,
1793 4494 2026 4585 organorum
2075 4519 2077 4522 ·

219 4604 425 4704 actionem,
449 4631 562 4712 quam
584 4632 696 4686 usum
719 4615 884 4712 partium
910 4606 1201 4714 nuncupabant,
1231 4636 1253 4687 a
1275 4604 1539 4686 communibus
1562 4598 1840 4686 totius'mundi
1858 4612 2030 4719 moinum

290 4924 320 4993 ⁴)
340 4925 444 4981 iimit-
460 4929 490 4982 iu
508 4926 693 4982 universitate
717 4927 857 5013 litteraria
878 4932 1060 4990 Berohnenal
1082 4950 1134 5005 pro
1153 4930 1219 4988 loco
1242 4932 1273 4986 iu
1290 4928 1427 4987 {unitata
1444 4927 1563 4987 medica.
1576 4929 1632 4985 rilc
1648 4925 1825 5000 inpetrando
1843 4925 1889 4982 die
1907 4928 1944 4983 Π.
1966 4928 2029 4985 Nc·

228 5026 239 5040 ·
343 5013 469 5070 miri·
485 5012 521 5073 Α.
538 5016 827 5076 mucosum.
1015 5010 1020 5017 ’
1842 5020 1847 5027 “

449 5110 455 5119 .
1581 5110 1602 5184 ¹
1823 5120 1828 5131 ι
