4808 6186
945 1513 1216 1688 cap.
1304 1511 1488 1648 ΙΙΙ.ξ

301 1774 569 1886 Summa
640 1742 1301 1918 experimentorum
1379 1776 1453 1883 et
1531 1771 2113 1884 observationum

755 1955 758 1964 ’
1008 1951 1391 2092 colligitur.
2120 1960 2124 1965 ’

506 2224 549 2316 l.
603 2225 685 2317 Dc
715 2227 848 2332 cibis,
875 2229 959 2346 pai
986 2168 1236 2346 celsactle
1265 2224 1343 2316 eal
1368 2168 2087 2346 &meib-&mmm1

995 2456 1027 2501 a.
1071 2430 1190 2501 blotan
1218 2428 1411 2500 ventriculi.

293 2582 534 2717 Hactenus
566 2633 916 2735 pbaeaomanornm
948 2639 1196 2735 conspectum
1228 2630 1453 2734 simpliciter
1483 2626 1671 2711 enarravi.
1732 2632 1942 2737 Superest,
1982 2641 2027 2708 nt
2058 2631 2109 2709 ad

294 2784 426 2836 corum
454 2756 625 2835 ordinem
652 2784 698 2835 ac
723 2756 1042 2836 necessitudinem
1068 2761 1386 2862 vertamusque
1411 2757 1739 2855 mmusfmctma,
1767 2762 1832 2862 qni
1847 2757 1936 2835 inde
1962 2759 2109 2860 percipi

293 2887 437 2985 possit,
464 2880 657 2986 colligam.
715 2884 903 2983 Princeps
934 2908 1027 2960 vero
1060 2882 1408 2985 experimentorum
1434 2879 1483 2958 da
1508 2878 1681 2961 ciborum
1712 2887 1754 2960 in
1779 2880 1990 2960 ventriculo
2017 2907 2109 2960 con-

293 3011 469 3087 coctione
494 3010 654 3085 orantus
680 3007 892 3086 incidenter
918 3010 1098 3108 apparet,
1123 3011 1164 3083 in
1189 3010 1417 3100 universum,
1433 3005 1804 3109 alimentacplantis
1822 3006 2024 3109 desumpta
2036 3005 2109 3084 dif-

293 3131 431 3210 ficilius
464 3157 575 3237 quam
613 3144 665 3209 ex'
701 3128 929 3209 animalibus
962 3131 1208 3234 deprompta,
1246 3135 1446 3236 magisque
1478 3129 1632 3210 difficile
1658 3131 1744 3230 illa,
1781 3137 1816 3209 si
1854 3129 1973 3209 cruda
2003 3135 2106 3228 sant,

293 3255 428 3360 digeri.
495 3256 590 3333 lndc
629 3256 691 3352 fit,
736 3258 781 3333 ut
818 3255 999 3334 alimenta
1035 3281 1057 3334 e
1094 3255 1239 3359 plantis
1277 3281 1470 3360 nunquam
1509 3282 1589 3333 non
1628 3261 1668 3335 in
1707 3256 1919 3336 ventriculo
1966 3255 2108 3335 diutius

292 3407 406 3488 quam
451 3406 503 3459 ax
547 3376 774 3458 animalibus
822 3380 1023 3483 desumpta
1066 3383 1346 3460 contineantur.
1417 3382 1543 3483 Igitur
1577 3385 1618 3459 in
1654 3385 1923 3461 ruminantium
1959 3386 2122 3475 romine¹

291 3508 373 3587 tere
399 3511 491 3610 post
518 3509 608 3584 octo
635 3506 781 3582 nomm
800 3504 990 3611 jejunium
1017 3504 1281 3583 alimentorum
1312 3502 1480 3583 nondum
1512 3505 1749 3610 digestorum
1780 3532 1873 3610 pars
1904 3510 2106 3600 invenitur,
2229 3518 2235 3529 “

293 3658 416 3735 aeque
443 3634 482 3708 in
515 3628 701 3709 cantualis
732 3639 825 3733 post
850 3635 903 3711 24
921 3672 970 3690 -
985 3633 1038 3709 36
1065 3629 1247 3707 horarum
1271 3628 1461 3735 jejunium
1493 3630 1726 3710 venareum
1756 3658 1898 3709 vacuus
1930 3635 2009 3729 ast3
2048 3633 2131 3721 oio¹

292 3759 404 3833 ctiam
431 3760 471 3832 in
498 3759 708 3832 carnium-is
735 3752 977 3852 animalibus,
1005 3781 1101 3859 qnae
1127 3780 1207 3830 nna
1232 3781 1316 3832 cnm
1344 3779 1460 3831 carae
1488 3754 1720 3834 devorarant
1745 3755 1910 3837 frustula
1933 3755 2105 3835 radicum
2211 3834 2214 3839 .

291 3879 403 3958 doum
416 3881 572 3956 carotas
585 3875 810 3958 aimborum
823 3878 950 3957 solani
960 3876 1148 3976 tuberosi,
1174 3881 1241 3957 rix
1258 3879 1354 3957 baec
1362 3881 1508 3957 mahta
1524 3879 1772 3960 ventriculum
1791 3875 2103 3982 adbucpimplant

292 4020 376 4082 cum
404 4030 494 4081 caro
520 4007 674 4107 penitus
701 4001 850 4107 dilapsa
868 4003 952 4109 jaun
977 4009 1018 4082 in
1043 4005 1226 4103 intestina
1249 4006 1460 4082 mandarit
1511 4007 1603 4110 lpse
1628 4003 1791 4111 donique
1817 4011 1949 4108 panis,
1975 4028 2106 4110 quam·

291 4132 348 4206 vis
375 4127 638 4208 alimentorum
664 4125 933 4234 vegetabilium
961 4133 1126 4208 omnium
1154 4127 1330 4210 laelllime
1356 4132 1636 4236 concoquatur,
1664 4156 1781 4209 carne
1816 4128 1995 4210 diffieilor
2012 4152 2106 4207 can·

289 4257 401 4335 cocta
429 4257 502 4331 esa
1305 4272 1309 4277 “
2082 4302 2085 4307 -

828 4496 1561 4581 mmmmm

423 4629 536 4708 Nunc
561 4652 653 4707 varo
679 4629 841 4731 primum
873 4633 1082 4736 quaeritur,
1115 4631 1308 4737 quomodo
1339 4629 1425 4710 lieri
1455 4632 1600 4737 possit,
1637 4634 1684 4710 ut
1713 4625 1790 4713 cibi
1816 4660 1839 4710 e
1865 4631 2009 4736 plantis
2036 4627 2104 4708 da·

288 4757 431 4858 sumpti
454 4752 733 4833 diuturniorem
758 4757 798 4830 in
823 4754 1034 4834 ventriculo
1060 4780 1206 4834 moram
1231 4751 1415 4855 babeant,
1442 4761 1615 4864 quamuis
1639 4755 1755 4864 bajus
1780 4763 1908 4836 motas
1924 4753 2103 4858 parietat-

287 4885 389 4959 ticos
415 4904 537 4985 acque
562 4877 677 4957 tortis
703 4904 750 4957 ac
773 4874 968 4978 veloxsit,
995 4906 1108 4986 qnam
1132 4886 1174 4961 in
1199 4882 1411 4961 carnivoris
1437 4885 1477 4962 et
1498 4885 1707 4962 omnivariis
1723 4877 1966 4962 aniruclibus.
2018 4881 2101 4961 lla·

281 5005 351 5111 jus
376 5007 433 5083 roi
459 5003 751 5108 explicationem
779 5001 929 5084 diversa
952 5010 994 5086 in
1019 5010 1185 5113 atroque
1210 5006 1428 5109 animalium
1450 5033 1597 5113 genere
1619 4992 1820 5091 ventriculi
1844 5004 2101 5089 duom-oo
