4830 6188
396 618 508 700 simul
536 645 621 695 cum
648 615 823 718 pauxillo
851 613 974 718 cbymi
1005 614 1066 692 rel
1099 612 1176 692 cibi
1211 616 1310 694 acidi
1343 622 1576 697 remanentis
1609 605 1852 728 conjunctum
1885 623 2018 704 fuisse.
2074 620 2212 710 serius

395 756 535 839 tamem
564 742 793 847 simulatque
811 768 983 845 quaeque
1010 740 1085 818 cibi
1111 769 1205 845 pars
1231 745 1384 844 penitus
1411 773 1432 821 e
1458 746 1671 823 ventriculo
1699 741 1882 845 evannit,
1897 752 2001 857 quod
2027 779 2214 833 nonnum·

397 898 511 976 quam
539 871 687 946 demum
714 871 807 970 post
833 862 1390 973 24-36boras(plerumque
1404 898 1495 946 vcro
1510 873 1662 975 sumpto
1676 879 1821 977 exiguo
1835 872 1924 950 cibo
1937 882 2029 977 post
2046 885 2213 960 12-16

334 1058 342 1092 ;
396 997 538 1098 boras)
565 994 720 1090 accidit,
748 1020 873 1099 neque
889 1018 960 1093 par
977 991 1104 1069 silices
1136 990 1867 1101 nequealiareacid'nmevocarepotui.
1924 1002 2215 1084 venialior-ss·

389 1121 526 1227 jejuno
554 1118 789 1221 manipulum
807 1117 938 1196 scobis
966 1114 1155 1218 abiegnae
1181 1144 1282 1218 aqua
1308 1119 1431 1195 alutae
1458 1147 1582 1223 neque
1610 1120 1755 1198 acidam
1782 1151 1907 1228 neque
1932 1127 2128 1207 alcalicam
2154 1136 2215 1208 ins

396 1246 522 1324 dolem
549 1243 725 1325 habentis
752 1247 900 1346 ingessi
913 1249 1028 1346 atque
1055 1243 1147 1343 post
1173 1247 1197 1319 t
1226 1240 1343 1319 boras
1362 1244 1484 1319 occidi
1505 1243 1622 1349 jussi.
1677 1248 1941 1326 (lentissimum
1955 1252 2044 1349 luit,
2070 1240 2215 1334 revees

395 1373 554 1468 triculo,
584 1376 617 1448 si
645 1376 750 1446 canis
779 1366 888 1445 cibos
916 1371 1147 1469 accepisset,
1167 1365 1248 1472 jam
1266 1376 1358 1469 post
1388 1368 1537 1468 1-14
1560 1369 1678 1448 boras
1711 1373 1859 1450 acidum
1883 1379 2062 1476 inveniri,
2089 1408 2215 1486 neque
2353 1348 2368 1365 ’-

396 1505 522 1574 tamen
549 1497 619 1573 hac
647 1497 851 1571 occasione
877 1493 996 1570 ullum
1024 1492 1172 1568 acidum
1199 1496 1343 1588 invcni,
1385 1491 1467 1591 sed,
1495 1491 1561 1571 ubi
1588 1491 1726 1572 scobes
1754 1498 2013 1577 membranam
2040 1504 2216 1583 vasculo·
2324 1572 2331 1599 2

397 1647 479 1697 sam
523 1618 724 1698 ventriculi
766 1615 1023 1719 attingebant,
1070 1615 1263 1693 evidenter
1303 1616 1498 1694 alculicam
1538 1627 1666 1696 notam
1707 1617 1911 1720 habebant,
1952 1624 2002 1702 ab
2039 1616 2216 1706 interiori

395 1771 487 1821 vero
535 1728 655 1844 parte
692 1740 886 1820 neutrales
933 1744 1054 1818 erant.
1120 1741 1280 1818 Acidum
1320 1744 1441 1843 igitur
1485 1749 1526 1820 iu
1570 1744 1782 1822 ventriculo
1800 1794 1806 1821 ·.
1824 1773 1903 1822 non
1942 1738 2103 1853 apparet
2138 1757 2215 1830 niel

397 1866 494 1946 cibis
528 1870 697 1970 repleto,
739 1872 804 1970 qui
838 1892 885 1942 eo
916 1869 1043 1966 magis
1071 1873 1269 1960 acescunt,
1309 1892 1386 1969 quo
1424 1877 1613 1946 concoctn
1649 1868 1844 1947 faciliores
1882 1881 1996 1977 atque
2037 1902 2113 1981 quo
2149 1878 2216 1955 fir·

396 1997 539 2070 micres
565 1990 764 2067 ventriculi
790 1996 892 2067 vires
920 1991 1011 2066 sint.
1068 1990 1202 2080 Quare
1229 1990 1361 2065 acidus
1390 1991 1545 2096 cbymus
1572 2020 1651 2069 non
1680 2020 1705 2070 a
1731 2020 1847 2072 succo
1875 1997 1986 2073 acido
2000 2000 2215 2100 uentriculi,

397 2119 467 2194 sed
493 2114 541 2195 ab
568 2121 657 2217 ipsa
684 2115 855 2193 ciborum
881 2118 1141 2190 immutatione
1168 2118 1366 2211 evocatur,
1396 2122 1434 2189 et
1460 2121 1588 2193 omnia
1611 2126 1836 2220 argumenta
1862 2122 2096 2201 insererem
2116 2124 2217 2204 acidi
2340 2132 2343 2137 ’

398 2244 503 2318 succi
528 2245 688 2343 gasti-ici
716 2240 879 2317 adducta
910 2266 989 2314 non
1014 2237 1167 2315 aliunde
1194 2246 1284 2315 sunt
1311 2239 1497 2336 derivata,
1525 2245 1599 2318 nisi
1626 2269 1651 2319 a
1673 2248 1952 2345 permutatione
1972 2247 2100 2350 cbymi
2115 2250 2216 2328 acidi

397 2393 480 2443 cum
511 2373 662 2443 sincero
690 2367 847 2442 bumore
874 2361 1084 2441 ventriculi.
1140 2365 1286 2466 llisqne
1301 2369 1596 2468 consentaneum
1611 2369 1688 2461 est,
1716 2366 1889 2471 cbymum
1909 2396 1956 2446 eo
1969 2377 2094 2474 magis
2109 2399 2217 2453 aces-

397 2516 502 2586 cere,
532 2517 609 2594 quo
637 2489 800 2566 leviores
827 2487 1014 2590 simulque
1046 2485 1268 2562 valentioris
1301 2491 1481 2566 materiae
1514 2487 1588 2566 cibi
1614 2495 1709 2587 sint,
1750 2518 1799 2568 eo
1831 2497 1957 2569 miuus
1987 2522 2096 2594 vero,
2138 2526 2215 2603 quo

398 2612 666 2692 imbecilliores
694 2622 808 2718 atque
834 2615 1052 2715 graviores,
1081 2610 1182 2714 quod
1210 2609 1377 2713 probant
1402 2610 1665 2714 experimenta
1681 2621 1786 2692 circa
1803 2617 2062 2718 digestionem·
2080 2647 2215 2700 canum

398 2749 513 2818 antea
539 2735 737 2837 tuberibus
766 2737 889 2814 solani
916 2739 1161 2831 nutritorum,
1190 2742 1254 2841 qui
1283 2763 1415 2835 carne,
1444 2742 1560 2844 atque
1586 2765 1772 2843 equorum
1800 2747 1913 2819 anim
1926 2748 2078 2821 sincero
2097 2745 2214 2825 foeno

363 2937 366 2940 ,
397 2869 640 2961 nutritorum,
668 2868 733 2968 qui
761 2889 879 2941 avena
895 2863 998 2966 pasti
1025 2869 1147 2938 crant.
1246 2964 1253 2969 .
2125 2860 2131 2869 “

530 2990 591 3066 Ad
624 2990 717 3066 bace
750 2990 953 3090 praeterea
983 2985 1149 3082 accedit,
1187 2990 1233 3063 ut
1264 2989 1411 3063 acetum
1446 2985 1496 3063 ab
1530 2992 1632 3065 omni
1664 2995 1774 3089 parto
1813 2987 1921 3068 cibos
1960 2994 2001 3067 in
2035 2992 2215 3097 cbpmum

177 3206 184 3227 ι
254 3094 259 3109 ’
299 3092 301 3097 ¹
398 3117 546 3192 mutare
573 3141 652 3189 non
678 3112 820 3208 valeat,
858 3137 983 3216 neque
1009 3137 1080 3213 per
1106 3107 1355 3188 sorbitionem
1383 3116 1477 3187 aceti
1505 3116 1597 3214 post
1622 3138 1780 3189 coenam
1807 3113 1975 3217 digestio
2002 3116 2215 3222 adjuretur,

399 3244 593 3318 imovero
620 3237 865 3339 impediatur,
894 3235 996 3340 quod
1015 3234 1098 3341 jam
1126 3234 1229 3338 apud
1257 3234 1572 3338 Spallanzanium
1594 3234 1679 3339 legi
1706 3241 1820 3342 atque
1847 3240 1961 3319 facile
1987 3247 2149 3347 quisque
2174 3249 2215 3322 in

400 3390 472 3442 suo
500 3391 665 3466 corpore
692 3361 899 3438 observare
925 3369 1066 3463 potest.
1204 3412 1209 3419 ·
1365 3417 1369 3425 .

534 3491 633 3564 llrric
660 3491 715 3565 rei
744 3488 1000 3562 consentanea
1027 3489 1088 3563 est
1112 3484 1307 3586 impeditio
1335 3487 1599 3561 concoctionis
1625 3512 1697 3586 per
1722 3490 1898 3562 vitiosam
1930 3489 2028 3567 acidi
2061 3493 2100 3567 in
2126 3520 2216 3571 reu·

116 3600 123 3607 ¹
241 3624 248 3630 '
398 3612 537 3691 tricnlo
572 3616 777 3715 originem,
820 3608 929 3716 cujus
961 3615 1017 3687 rei
1050 3615 1281 3688 contrarium
1316 3607 1487 3687 exbiberi
1520 3607 1695 3705 deberet,
1724 3615 1758 3687 si
1785 3609 1951 3714 digestio
1978 3614 2072 3693 nibil
2099 3623 2215 3716 esset,

398 3744 474 3817 nisi
502 3737 644 3816 solutio
672 3737 842 3812 cbemica
868 3731 1041 3811 ciborum
1067 3738 1107 3810 iu
1135 3732 1246 3810 acido
1275 3733 1453 3837 quodam.

426 3962 432 3981 ι
534 3864 712 3967 Denique
739 3886 809 3962 per
836 3859 934 3936 hanc
961 3857 1165 3934 chemicam
1193 3840 1402 3933 doctrinam
1429 3860 1553 3934 minus
1581 3862 1692 3932 etiam
1719 3883 1831 3962 quam
1856 3887 1927 3961 per
1952 3861 2217 3964 Spellanzanii

401 3992 620 4090 opinionem
653 3986 839 4087 explicari
871 3986 1018 4089 potest,
1052 3980 1244 4088 quomodo
1273 3977 1444 4059 ciborum
1471 3982 1727 4083 progrediens
1754 3988 1966 4063 immutatio
1993 3991 2033 4062 in
2061 3994 2217 4093 sangni-

399 4139 486 4191 nem
532 4113 616 4210 tiat,
669 4137 767 4215 quae
810 4136 876 4188 res
918 4111 1075 4187 maximi
1117 4110 1296 4183 momenti
1326 4109 1366 4181 in
1412 4110 1515 4182 omni
1556 4132 1646 4182 vera
1684 4109 1833 4186 theoria
1871 4109 2098 4211 digestionis
2142 4118 2215 4193 cst

399 4241 503 4316 Mira
528 4243 646 4342 igitur
677 4234 882 4332 industria,
916 4260 1029 4338 quam
1055 4235 1263 4336 nuperrimi
1289 4234 1360 4308 viri
1385 4230 1631 4308 illustrissimi
1662 4232 1853 4310 eruendae
1885 4234 1984 4310 acidi
2011 4241 2050 4311 in
2077 4240 2218 4316 ventri·
2376 4316 2379 4321 A

401 4358 489 4442 culo
515 4370 674 4440 naturae
700 4359 929 4457 attulerunt,
956 4363 997 4436 iu
1024 4385 1071 4435 eo
1099 4358 1246 4452 finitur,
1273 4358 1319 4432 ut
1343 4353 1392 4432 ab
1411 4359 1460 4432 iis
1471 4353 1620 4431 demum
1647 4361 1784 4432 centn
1798 4357 2112 4458 Spallauzanium
2124 4388 2224 4464 pro-⁴
2312 4376 2317 4383 '

399 4484 532 4567 batum
560 4491 630 4586 sit,
668 4491 794 4590 ipsum
827 4485 1001 4591 cbymum
1028 4509 1118 4561 vers
1149 4508 1237 4559 esse
1264 4478 1431 4578 acidum,
1472 4485 1674 4581 praeterea
1698 4507 1790 4557 vero
1823 4508 1978 4560 succum
2004 4489 2217 4586 gastricmu
2258 4500 2262 4505 ’

401 4613 550 4693 acidum
577 4618 766 4692 exsistere
791 4638 917 4718 neque
942 4608 1138 4691 evicomnt
1162 4631 1288 4709 neque
1314 4606 1473 4684 avicum
1500 4614 1601 4683 sunt.
1728 4669 1732 4675 .
2125 4620 2133 4630 ·

533 4839 539 4848 ‚
893 4744 897 4751 ’
989 4764 1018 4827 a.
1052 4761 1296 4826 mannae·
1312 4757 1466 4841 assem
1482 4760 1630 4842 mmm.

531 4858 785 4945 Memorabile
812 4888 907 4940 sane
934 4861 1013 4959 est,
1047 4862 1351 4961 nuperrimorum
1376 4855 1585 4959 plerosque
1624 4852 1829 4933 cbemicam
1854 4854 2083 4934 lloerhaanii
2109 4857 2216 4960 dige-

400 4991 539 5070 stionis
563 4989 769 5087 ibeoriam,
807 5013 879 5091 per
904 4985 1232 5064 fermentationem
1259 4978 1367 5058 cibos
1393 4978 1537 5084 digeri,
1568 4981 1625 5058 ita
1651 5006 1879 5085 oppugnare
1907 4986 2058 5079 conam,
2090 4986 2135 5060 ut
2159 4991 2216 5062 ta.
