4830 6188
1043 469 1101 557 aa

137 658 293 755 cibos·
307 658 468 735 ederam.
525 656 660 746 Quare
688 657 840 763 quando
868 655 1053 734 modicam
1081 661 1295 761 portionem
1310 686 1421 736 assae
1441 665 1653 737 venationis
1671 664 1714 737 ut
1731 660 1875 766 leporis
1894 690 1980 764 per·
2065 710 2076 719 ⁴·
2178 666 2181 673 ’

167 786 336 889 dicisque
365 784 618 882 sumpseram,
646 781 753 858 boris
780 781 1052 885 pomeridianis
1079 780 1187 860 brevi
1221 786 1313 884 post
1327 783 1376 886 id
1404 787 1574 893 tempus,
1603 813 1680 889 quo
1708 787 1889 863 accedere
1917 798 2006 862 so·‘
2081 773 2120 854 ‚¹

118 901 121 905 ⁴
165 902 271 986 lebat
296 905 416 986 febris
423 963 434 1002 ,
462 911 545 983 'sex
579 905 693 982 cbinii
725 932 847 1007 grana
872 904 1081 984 haurienda
1107 909 1216 983 eraut
1243 904 1291 981 ad
1326 905 1576 1009 digestionem
1604 913 1658 986 ita
1683 906 1978 1011 temperandam,

164 1039 210 1113 nt
235 1062 306 1111 nec
333 1033 532 1135 palpitatio
561 1033 732 1107 intestini
758 1035 912 1129 crassi,
926 1058 996 1108 nec
1011 1032 1131 1108 sudor
1141 1030 1343 1109 vehemens
1361 1032 1420 1108 vel
1434 1030 1556 1111 febris
1568 1039 1655 1136 ipsa
1667 1061 1727 1110 me
1738 1032 1946 1112 invaderet.
2009 1075 2015 1087 ·

300 1156 468 1250 (iurando
496 1158 620 1232 autem
649 1151 757 1229 cibos
785 1152 917 1230 faciles
946 1154 995 1231 ad
1022 1156 1337 1260 concoquendum
1366 1155 1533 1261 ederam,
1569 1157 1699 1260 quales
1715 1161 1804 1233 sunt
1815 1158 1883 1263 jus
1897 1185 1978 1235 car·

165 1289 225 1359 nis
253 1283 388 1376 elixae,
418 1308 508 1357 caro
536 1277 734 1382 coquendo
763 1281 894 1355 tenera
921 1279 1022 1355 facta
1048 1284 1163 1384 atqua
1190 1283 1381 1383 mitigata,
1410 1287 1521 1383 panis
1541 1281 1725 1387 candidus
1752 1264 2005 1383 paullulum·
2095 1364 2099 1370 ,

166 1432 239 1512 quo
273 1406 389 1483 oleris
422 1431 506 1480 cum
539 1428 751 1512 asparago,
770 1490 773 1505 Ι
793 1400 998 1507 daucisque
1037 1407 1191 1482 carotae
1224 1404 1384 1482 novellis
1418 1405 1477 1482 vel
1511 1410 1607 1508 pisis
1640 1412 1680 1481 in
1712 1405 1857 1507 pultem
1891 1433 1977 1481 coa·

109 1568 112 1572 ·
166 1536 239 1608 etis
254 1535 471 1631 'corticeque
486 1531 612 1604 exutis
641 1526 786 1632 (oryza
813 1532 911 1603 enim
939 1524 1151 1631 apparebat
1176 1529 1374 1632 gravior),
1403 1535 1546 1631 exigua
1570 1532 1718 1605 tantum
1746 1528 1859 1604 cbinii
1892 1527 1978 1603 dosl

166 1654 329 1755 singulis
367 1651 515 1728 binisve
554 1655 687 1751 grauis
729 1649 914 1755 quotidie,
957 1657 996 1728 et
1034 1655 1249 1756 postquam
1277 1650 1398 1731 febris
1439 1645 1669 1756 aliquamdiu
1705 1651 1833 1747 desiit,
1872 1650 1977 1727 urrlla

168 1784 336 1872 omnino,
364 1777 413 1851 ad
441 1776 692 1876 digestionem
712 1773 888 1851 omuibus
909 1782 1076 1852 numeris
1104 1775 1375 1855 absolvendam
1404 1805 1502 1879 opus
1531 1781 1624 1855 erat.
1680 1780 1825 1853 Omnes
1852 1773 1976 1851 aihta

165 1901 306 2003 plantis
340 1901 519 1993 desumti,
553 1905 595 1974 'si
623 1928 646 1974 a
672 1927 771 2001 pane
805 1899 966 1976 candido
1001 1900 1244 1999 discesseris,
1285 1901 1381 1978 adeo
1415 1900 1577 1977 sorbitio
1607 1930 1628 1979 e
1656 1906 1837 1977 cerevisia
1868 1899 1975 1976 vele
2131 1903 2139 1919 '

14 2118 17 2123 Ι
164 2052 262 2126 pane
290 2024 468 2125 siligineo
502 2049 615 2125 carne
642 2050 720 2098 nou
748 2022 897 2128 adjecta
924 2026 1050 2120 cocta,
1086 2030 1213 2101 omnia
1239 2025 1345 2102 olera
1371 2030 1538 2104 recentia
1563 2030 1604 2102 et
1631 2024 1763 2120 cruda,
1796 2027 1976 2099 acetaria·
2099 2108 2116 2136 t
2183 2122 2189 2131 .
2228 2022 2231 2029 ’
2306 2103 2313 2111 ,
2352 2116 2357 2124 Ι

106 2127 113 2137 ’
165 2152 407 2254 que,'minus
435 2151 577 2223 senrina
604 2151 728 2248 magis
760 2146 947 2244 larinosa,
988 2151 1045 2224 uti
1073 2175 1192 2252 oryza
1224 2153 1263 2226 et
1287 2155 1391 2253 pisa,
1427 2140 1618 2227 difficilius
1646 2152 1825 2251 poteraut
1852 2147 1975 2250 digeri

164 2300 276 2378 quam
304 2270 519 2348 animalium
545 2294 693 2347 carnes.

506 2498 832 2566 Observationes
864 2501 907 2566 in
939 2503 1016 2565 cim
1042 2501 1318 2568 remediorum
1339 2502 1627 2568 lunaticorum.

295 2644 390 2719 Erat
417 2646 529 2719 etiam
557 2649 728 2739 occasio,
758 2673 871 2747 quum
892 2644 974 2750 jam
1002 2645 1205 2722 admodum
1233 2646 1460 2748 digestionis
1488 2642 1722 2750 organorum
1740 2672 1877 2721 sensus
1904 2639 1973 2718 oh·

162 2798 298 2871 scarus
327 2770 511 2844 exacutus
540 2770 654 2862 esset,
682 2774 754 2845 vim
783 2769 1010 2875 hydrargyri
1036 2775 1221 2847 muriatici
1248 2777 1350 2848 mitis
1379 2777 1557 2873 experiri.
1612 2770 1850 2875 (injussum
1882 2795 1973 2871 qua·
2057 2847 2058 2851 ,

62 2938 65 2945 v
163 2896 278 2973 draus
306 2892 543 2969 dimidiumve
570 2896 682 2992 grani
697 2899 958 2996 sumpsissem,
988 2900 1114 2972 statim
1142 2901 1308 3000 quinque
1335 2896 1416 2972 fere
1443 2884 1645 2971 momentis
1672 2897 1856 2995 temporis
1882 2896 1973 2994 post

162 2995 409 3096 ventriculum
436 3015 693 3091 vehementius
721 3023 877 3118 agitari,
908 3047 1077 3124 quaeque
1091 3048 1138 3097 eo
1153 3010 1448 3105 continebantur
1462 3017 1676 3095 duodenum
1695 3021 1839 3093 intrare
1853 3020 1970 3094 sensi.

161 3147 337 3221 Attamen
364 3144 532 3244 quamvis
561 3141 672 3214 etiam
701 3139 751 3216 fel
779 3141 929 3245 hepatis
956 3144 1037 3220 fere
1070 3173 1155 3221 cum
1181 3143 1392 3221 ventriculo
1426 3170 1616 3220 consensu
1649 3146 1791 3219 motum
1824 3141 1970 3241 largius

134 3267 315 3362 'lluoret,
342 3265 381 3341 id
409 3261 512 3368 quod
539 3264 783 3342 animadverti
811 3271 905 3342 satis
932 3273 1132 3371 perspicue
1159 3272 1329 3370 poterat,
1364 3266 1576 3346 differentia
1600 3267 1827 3373 bq'drargyri
1858 3268 1972 3371 muri·

161 3382 250 3468 utici
281 3392 383 3466 mitis
417 3388 605 3487 cbiniiqna
640 3389 847 3491 sulphurici
881 3390 1124 3467 nibilominus
1157 3392 1358 3497 admodurp
1392 3397 1475 3469 erat
1506 3398 1683 3495 insignis.
1744 3393 1832 3466 Non
1869 3393 1968 3465 euim

155 3506 218 3593 *ia'
228 3511 409 3591 affluebat
435 3514 500 3614 sel,
528 3508 572 3581 ut
585 3504 693 3612 quasi
707 3518 902 3611 irroraret,
931 3513 1000 3591 se'd
1027 3512 1246 3593 turbulente
1263 3546 1308 3621 ac
1327 3516 1486 3593 dixerim
1504 3516 1584 3593 lere
1602 3516 1851 3608 tumultuosa,
1877 3513 1970 3625 post
2078 3502 2081 3507 ¹
2184 3548 2192 3561 ,
2320 3517 2324 3539 ¹

148 3644 284 3719 autem
311 3639 370 3714 vel
398 3644 528 3739 potius
556 3640 688 3720 eodem
715 3642 886 3740 tempore
913 3637 1114 3716 vehemens
1142 3639 1400 3744 tremulusque
1427 3643 1511 3715 orat
1541 3643 1711 3718 intestini
1737 3641 1863 3714 tenuis
1888 3662 1968 3709 mo-

159 3771 242 3858 tus,
271 3767 335 3864 qui
362 3768 453 3862 post
480 3764 672 3841 dimidium
704 3759 785 3838 iere
813 3760 931 3838 borae
959 3764 1069 3839 etiam
1098 3766 1317 3839 intestinum
1345 3790 1516 3840 crassum
1530 3743 1760 3867 aggressus,
1786 3761 1969 3835 mutatus·
2057 3830 2064 3839 ,
2130 3855 2140 3871 ι

33 3868 37 3873 ’
138 3862 234 3993 ἴφιθ
259 3883 492 3963 intrantibus
520 3886 615 3964 cibis
642 3890 862 3979 intestinum
890 3912 1044 3963 coecum
1071 3892 1112 3963 in
1138 3886 1424 3990 palpitationem
1456 3884 1593 3964 febrim
1622 3882 1813 3979 exciebat,
1853 3909 1966 3985 quum
2102 3910 2106 3917 ·

57 4102 65 4113 ,
160 4015 323 4091 chinium
350 4010 636 4111 palpitationem
669 4010 771 4086 illam
805 4008 975 4087 tolleret.¹
1024 4011 1146 4108 idem,
1188 4010 1290 4116 quod
1307 4009 1585 4117 hydrargyrum
1611 4012 1845 4087 muriaticam
1877 4000 2006 4082 mite‘
2095 4071 2100 4077 .

11 4146 16 4153 '
160 4165 230 4240 per
258 4162 317 4230 se,
346 4133 535 4230 efficiebat
564 4137 727 4212 chinium
755 4133 887 4210 eodem
914 4139 1087 4239 tempore
1114 4163 1198 4212 cum
1219 4134 1309 4240 jure
1337 4163 1358 4212 e
1385 4143 1518 4239 prunis
1545 4139 1699 4241 parato,
1727 4130 1967 4209 velcumda-

160 4264 270 4337 cocto
299 4261 365 4334 aut
391 4257 595 4337 electuario
623 4259 803 4336 soliorum
831 4285 990 4356 sannae,
1030 4258 1090 4337 vel
1123 4287 1207 4336 cum
1240 4258 1352 4336 melle
1384 4260 1444 4336 v'el
1475 4257 1556 4335 libo
1588 4256 1731 4334 mellito
1763 4257 1966 4357 sumptum,

159 4385 199 4462 id
212 4382 327 4488 quod,
354 4384 464 4458 initio
492 4391 669 4485 quoniam
696 4408 896 4484 perperam
922 4382 1046 4460 alvum
1061 4410 1307 4487 suppressam
1320 4382 1521 4460 admodum
1534 4379 1730 4477 timebam,
1756 4379 1858 4458 haud
1876 4404 1965 4454 raro
2121 4414 2127 4425 ¹

160 4509 308 4585 accidit.
362 4507 630 4584 vehementior
660 4511 786 4584 tamen
820 4509 933 4608 atque
967 4512 1079 4585 citior
1109 4514 1231 4610 ipsius
1269 4506 1497 4612 hydrargvri
1534 4511 1719 4584 muriatici
1750 4507 1853 4582 mitis
1884 4503 1968 4578 erat

160 4639 243 4726 vis,
261 4637 458 4734 magisque
486 4636 667 4707 continuo
700 4634 823 4736 totum
855 4634 1121 4707 intestinorum
1149 4636 1311 4707 tractum
1338 4630 1598 4733 percurrebat,
1626 4635 1680 4706 ita
1705 4634 1748 4707 ut
1773 4627 1860 4706 inde
1886 4628 1966 4701 reri
2108 4640 2111 4646 '

161 4757 229 4832 irat
256 4755 393 4847 simile,
422 4756 573 4858 quaudo
601 4759 754 4857 torpeat
780 4754 1017 4852 intestinum,
1046 4760 1222 4859 quoniam
1250 4759 1340 4832 tunc
1369 4782 1448 4833 uon
1476 4783 1629 4858 spasmo
1647 4757 1885 4845 exerceatur,
1915 4754 1964 4825 si·

91 4878 95 4887 '
161 4880 284 4957 r'uilem
312 4878 395 4982 ejus
421 4907 466 4955 ac
493 4881 606 4958 cbiuii
632 4881 796 4956 suturam
824 4907 910 4960 esse
937 4880 1021 4957 vim.
