4830 6188
1137 539 1141 551 ,
1175 434 1235 527 aa

218 696 226 704 .
296 635 363 709 aut
388 627 531 735 ubique
558 634 624 705 aut
649 631 689 703 in
718 624 947 733 quibusdam
981 623 1211 730 corporibus
1244 628 1444 706 ventriculi
1476 637 1619 706 motum
1646 633 1701 707 ita
1728 634 1862 729 citent,
1895 639 1938 707 ut
1964 659 2112 738 aquosa

296 782 426 835 earum
453 781 546 857 pars
574 779 652 829 non
680 749 953 852 absorbeatur,
994 752 1064 829 sed
1097 749 1216 829 cruda
1242 753 1323 848 lere
1353 754 1464 831 simul
1493 781 1577 830 cum
1605 754 1741 833 solidis
1766 761 1924 860 potione
1950 759 2111 867 ipelusis

296 878 555 959 eventricrdo
583 882 736 957 exeant.
788 881 852 956 Ex
878 879 950 956 hac
977 883 1097 955 noxia
1122 881 1160 953 vi
1187 878 1347 956 effectus
1374 883 1416 956 in
1439 879 1641 982 'permultis
1669 879 1898 984 corporibus
1926 886 2113 986 gravissi-

150 1108 154 1116 Ι
290 996 380 1081 ιιιιιε
412 1005 543 1102 lactis,
584 1031 743 1081 ovorum
777 1003 999 1101 crudorum,
1039 1031 1163 1109 neque
1195 1010 1319 1080 minus
1352 1008 1521 1108 potionis
1560 1003 1722 1103 eoffeae,
1763 1012 1987 1109 praesertim
2021 1010 2112 1108 post

295 1138 453 1207 coenam
467 1132 724 1232 sumptorum,
750 1129 840 1205 mrlu
852 1128 1084 1231 repetendus
1111 1155 1198 1206 esse
1224 1129 1388 1226 videtur,
1418 1156 1529 1285 quem
1555 1134 1594 1206 in
1621 1128 1844 1208 animalibus
1864 1160 2015 1238 quoque
2043 1159 2114 1234 per

294 1256 593 1357 experimenta
581 1258 719 1332 rnreni.

427 1380 546 1455 Lac
534 1382 719 1482 inprimis,
748 1376 955 1455 debilitatis
980 1375 1126 1455 viribus
1154 1377 1364 1476 ventriculi,
1392 1377 1598 1455 motum
1564 1406 1647 1482 eJus
1661 1382 1717 1456 ita
1734 1380 1938 1479 accelerat,
1964 1391 2008 1457 ut
2026 1409 2111 1459 eom

293 1505 481 1599 transeat,
524 1510 725 1607 antequam
753 1504 888 1579 coacta
915 1506 978 1579 sit.
1034 1504 1125 1595 Qua
1151 1530 1194 1580 re
1221 1503 1281 1599 fit,
1322 1506 1367 1580 ut
1394 1503 1589 1599 alimenta,
1630 1531 1715 1579 eum
1742 1505 1841 1583 lacte
1874 1511 2044 1609 sumpta,
2072 1511 2112 1583 in

287 1608 506 1725 'centriculo
539 1655 618 1705 non
652 1627 901 1705 conficiantur
932 1626 1002 1704 sed
1040 1630 1234 1704 immutata
1267 1627 1348 1706 lere
1380 1654 1451 1731 per
1484 1629 1703 1703 intestinum
1733 1632 1849 1708 tenue
1880 1631 2042 1736 trajecta
2073 1635 2113 1705 in

293 1754 514 1830 intestinum
543 1779 698 1830 coecum
711 1848 715 1854 ,
727 1756 1005 1855 congerantur,
1032 1747 1162 1858 ibique
1179 1753 1323 1830 laesam
1343 1753 1448 1830 illam
1463 1755 1650 1829 actionem
1665 1758 1850 1852 excitent,
1879 1782 1991 1860 quam
2005 1756 2113 1832 alvus

293 1877 386 1954 laxa
412 1876 473 1955 vel
499 1877 588 1954 lusa
614 1882 798 1982 sequitur.
855 1876 1027 1954 Similem
1055 1876 1230 1954 effectum
1259 1880 1465 1955 cerevisiae
1482 1903 1628 1978 genera
1640 1880 1826 1980 imprimis
1840 1879 1937 1956 llava
1951 1889 1988 1956 et
2002 1880 2113 1956 acido

294 1999 501 2079 carbonico
530 2001 680 2084 acidula
713 2030 784 2078 nec
813 2006 910 2079 satis
936 2002 1162 2083 sermentato
1187 1999 1342 2079 habent.
1395 2001 1542 2079 Eodem
1569 2000 1683 2078 modo
1712 2006 1826 2080 etiam
1851 2003 2002 2081 vitellus
2023 2032 2114 2080 ovo-
2143 2085 2144 2088 ,

293 2153 378 2203 rum
405 2130 625 2224 recentium,
654 2154 751 2231 quae
777 2127 1035 2204 valentissima
1068 2153 1156 2205 esse
1188 2154 1266 2203 non
1294 2152 1410 2228 nego,
1440 2125 1509 2202 scd
1538 2124 1649 2202 simul
1678 2131 1865 2204 concoctu
1892 2128 2115 2205 difficillima

177 2340 179 2345 ,
295 2278 437 2329 nocero
468 2251 630 2328 ridetur.
686 2255 774 2329 (tva
807 2251 903 2327 dura
934 2255 1059 2327 minus
1094 2278 1208 2355 quam
1237 2249 1397 2326 sorbilia
1428 2258 1585 2347 nocent,
1631 2278 1715 2326 eum
1755 2252 1904 2331 facilius
1944 2257 1985 2336 in
2026 2254 2115 2356 chy·

294 2402 396 2452 mum
424 2380 706 2454 convertantur.
760 2374 896 2480 Neque
923 2404 1023 2480 aqua
1049 2375 1193 2478 frigida
1221 2374 1416 2451 stomacho
1452 2371 1567 2452 debili
1599 2375 1739 2452 idonea
1772 2381 1844 2452 est.
1900 2377 1982 2455 Sed
2019 2378 2114 2455 haec

294 2528 373 2579 non
400 2501 559 2577 humore
586 2499 656 2578 sed
682 2500 830 2602 frigore
856 2502 912 2578 ita
939 2501 1194 2602 digestionem
1221 2499 1405 2578 infestare
1431 2498 1598 2595 videtur,
1626 2507 1669 2575 ut
1694 2508 1836 2576 motum
1865 2484 1964 2579 citet
1981 2500 2114 2580 absor-

294 2631 539 2729 ptionemqne
566 2618 787 2726 probibeat,
814 2652 903 2701 narn
928 2651 1029 2729 aqua
1056 2624 1202 2701 fervida
1227 2624 1426 2702 ventriculi
1455 2624 1619 2701 calorem
1646 2652 1803 2703 movens
1831 2654 1981 2729 semper
2008 2628 2114 2731 dige-

295 2754 459 2830 stionem
485 2749 629 2827 laesam
659 2748 827 2852 adjuvat.

810 2994 833 3019 ἰ
925 3011 1045 3071 Effectus
1061 3021 1142 3094 potus
1160 3011 1260 3071 cod'eae
1278 3011 1413 3070 couud
1370 3033 1432 3070 r
1413 3023 1484 3071 ntur

434 3105 554 3199 Quod
580 3132 672 3182 rero
699 3109 787 3183 ante
816 3110 942 3183 omnia
972 3111 1104 3183 attinet
1131 3105 1178 3182 ad
1205 3110 1400 3208 potionem
1430 3096 1575 3182 coll'cae
1603 3108 1728 3184 tostae
1755 3118 1845 3211 post
1873 3136 2031 3186 coenam
2058 3108 2113 3188 bi·

294 3226 476 3328 bendam,
504 3229 699 3308 latendum
727 3232 803 3326 est,
837 3256 920 3307 eam
955 3257 1087 3307 omnes
1120 3235 1261 3311 eximia
1292 3236 1429 3306 nociva
1462 3258 1533 3306 sua
1565 3235 1601 3306 ri
1636 3258 1832 3332 superare.
1885 3237 1929 3309 ln
1963 3234 2034 3311 hae
2071 3267 2114 3314 re

299 3355 579 3434 observandum
607 3358 695 3430 ante
723 3360 800 3451 est,
829 3353 953 3431 oleum
980 3359 1124 3457 pingue
1139 3359 1178 3429 in
1192 3353 1401 3431 seminibus
1416 3332 1562 3431 coll‘eae
1581 3355 1990 3458 testandispartimrel
2009 3368 2115 3462 peni·

296 3485 404 3561 tus
392 3510 432 3587 ιιι
467 3477 670 3558 carbonem
698 3481 737 3556 et
765 3410 888 3554 oleum
918 3483 1274 3603 empyreumatieum
1304 3481 1452 3555 mutari.
1509 3476 1662 3571 Quibus
1689 3489 1768 3556 tum
1803 3511 1853 3559 ex
1885 3511 1985 3587 aqua
2011 3486 2114 3562 solu-
2155 3474 2159 3481 ³

298 3611 347 3684 tis
375 3582 491 3707 potus
525 3603 606 3700 ille,
641 3608 813 3707 quamvis
849 3607 1079 3679 aromaticus
1107 3608 1168 3700 sit,
1201 3629 1280 3678 non
1308 3604 1471 3681 solum
1459 3632 1544 3705 lpse
1573 3608 1760 3681 eoneoetu
1788 3606 2114 3708 difficillimuslit,

297 3731 366 3809 sed
395 3734 506 3807 etiam
534 3724 798 3804 immutabilis
782 3755 852 3803 sua
878 3727 1006 3803 indole
1035 3725 1162 3824 eibos,
1196 3754 1297 3830 quos
1320 3728 1553 3804 ventriculus
1580 3724 1780 3829 amplexus
1807 3739 1881 3827 est,
1916 3730 2052 3811 imbuit
2078 3750 2116 3815 et

147 3878 150 3885 ’
298 3860 407 3960 quasi
435 3853 566 3930 condit
592 3854 706 3954 atque
733 3879 757 3926 a
784 3857 1034 3929 concoctione
1062 3859 1179 3927 arcet.
1234 3854 1431 3927 Excitanti
1459 3879 1530 3927 sua
1560 3879 1597 3927 vr
1586 3854 1817 3930 ventriculi
1843 3864 1984 3933 motum
2004 3888 2115 3960 prae·

298 3989 404 4056 terea
430 3977 635 4072 accelerat,
661 3979 723 4072 ut,
751 4004 847 4080 quae
876 3981 915 4054 in
944 4004 989 4053 oo
1018 3981 1302 4073 contineantur,
1331 3977 1513 4054 velociter
1538 3975 1608 4053 sed
1634 3977 1828 4079 indigesta
1855 3988 1892 4056 et
1918 3985 2116 4063 immutata

301 4104 381 4181 fere
413 4107 634 4180 intestinum
661 4103 871 4177 transcant
900 4101 1041 4202 (llxp
1059 4103 1145 4201 14.)
1200 4075 1512 4192 Quamobrem”
1487 4129 1552 4196 us,
1582 4108 1647 4206 qui
1680 4109 1820 4202 post
1782 4132 1935 4181 mmmm
1963 4114 2116 4189 satieta-

299 4238 375 4305 tem
406 4223 558 4323 bibunt,
599 4225 769 4302 levamen
796 4225 1011 4322 molestiae,
1055 4254 1152 4331 quae
1181 4254 1204 4301 a
1231 4224 1442 4329 repletione
1474 4225 1672 4303 uentriculi
1704 4226 1923 4306 mechanica
1956 4238 2115 4334 oriatur,

281 4338 431 4448 affert,
459 4351 641 4456 multique
669 4349 844 4447 credunt,
873 4354 1006 4452 potum
1034 4349 1134 4427 bunc
1162 4351 1414 4452 digestionem
1442 4349 1634 4455 adjurare.
1688 4355 1864 4429 Attamen
1892 4381 1935 4432 re
1953 4366 2116 4460 propius

280 4466 577 4573 'considerata‚.
607 4503 690 4552 cum
718 4503 809 4552 vera
835 4472 1009 4552 ciborum
1035 4474 1260 4552 assimilatio
1294 4473 1555 4577 impeditatur,
1600 4474 1770 4554 levamen
1802 4478 1841 4554 id
1874 4475 2115 4564 subitaneum

280 4598 284 4605 ’
302 4607 439 4681 transit
465 4606 504 4681 et
529 4599 637 4677 brevi
663 4610 755 4704 post
780 4599 917 4705 majori
931 4599 1032 4676 malo
1049 4608 1232 4704 gravam
1247 4599 1474 4705 digestionis
1488 4603 1529 4675 in
1541 4603 1721 4677 intestino
1737 4629 1853 4679 coeco
1870 4611 2071 4709 excipitur.
2078 4611 2115 4711 ⁰)

226 4790 230 4796 ·
302 4784 625 4805 w

378 4851 403 4920 ‘)
431 4844 598 4909 Conferenda
617 4866 676 4902 curn
694 4845 744 4901 lroc
763 4855 803 4902 est
821 4845 969 4922 obschatio
988 4843 1095 4904 Goctlrii
1113 4849 1140 4903 in
1158 4866 1187 4903 se
1206 4847 1265 4924 ipso
1285 4845 1373 4914 facta,
1395 4845 1469 4920 cujus
1490 4842 1579 4903 locum
1601 4845 1739 4903 nobiscum
1758 4797 1884 4906 belrerole
1909 4857 2109 4914 communicarit

426 4940 468 4997 vir
485 4938 657 4995 mitissimus
673 4932 829 5012 veringen
845 4956 898 4992 ron
915 4934 999 4992 Ense:

429 5042 467 5069 -’
482 5026 594 5099 „Durati
611 5027 669 5085 eine
685 5019 867 5100 ungldclliebc
884 5023 948 5083 Diffi
963 5021 1074 5083 rordtb
1091 5022 1135 5081 leb
1152 5024 1203 5080 rnir
1221 5020 1264 5081 dio
1282 5020 1373 5080 thste
1391 5021 1439 5081 der
1456 5021 1701 5114 Voedruungadas
1722 5023 1841 5084 selimero
1858 5025 2038 5109 ltaccbmger
2052 5032 2116 5097 Βία·
