4830 6188
1174 464 1236 561 75
1760 552 1769 564 ,
2127 551 2129 554 .

298 658 563 741 difficultatem
590 619 815 737 vincendam
840 596 969 737 inveni
996 658 1214 756 artificium,
1248 685 1325 764 qno
1352 656 1521 737 adhibito
1550 663 1743 762 separatio
1763 660 1930 764 coaguli
1963 661 2113 740 facilins

159 802 171 821 ⁴
252 810 259 830 '
299 788 508 888 contingit
554 786 794 885 llt‘primnm
822 784 975 889 quidem
1002 783 1152 862 acidum
1179 800 1303 889 usqne
1329 783 1379 859 ad
1393 788 1609 893 accuratam
1625 785 1810 862 duntaxat
1828 774 2113 884 samrationem,

172 972 176 979 -
299 938 378 993 non
406 910 457 986 ad
483 909 777 986 dominationem
810 908 1065 1013 adjiciendum
1096 916 1174 1006 est,
1210 913 1346 1010 utpote
1372 934 1458 986 cnm
1484 908 1632 986 acidum
1660 938 1847 1015 superans
1873 909 1987 989 basin
2013 913 2114 990 fellis

232 1047 235 1051 “
298 1034 543 1138 coagulatam
572 1034 697 1111 solvat
722 1033 883 1138 ejusque
918 1033 1166 1111 sedimentum
1199 1032 1391 1135 impediat.
1446 1033 1597 1111 Deinde
1629 1039 1755 1112 numm
1788 1040 1949 1114 maxime
1982 1063 2115 1114 caven·

178 1180 188 1187 ’
299 1160 389 1239 dum
417 1164 571 1258 est,.ne
598 1162 690 1261 post
715 1157 886 1236 additum
912 1158 1080 1256 acidum,
1112 1161 1314 1261 ortumque
1341 1158 1546 1259 coagulum
1574 1159 1701 1263 liquor
1727 1165 1838 1236 nimis
1866 1167 2114 1264 peragitetnr,

298 1312 386 1365 enm
413 1283 669 1388 peragitando
697 1284 901 1386 coagulum
929 1290 969 1360 in
996 1286 1268 1360 minutissimas
1295 1288 1427 1385 partes
1455 1283 1680 1385 dissipetur,
1713 1290 1752 1362 in
1782 1286 1929 1390 liquore
1957 1313 2117 1389 snspen-

300 1439 383 1509 sas,
417 1418 456 1487 et
482 1410 542 1488 vel
570 1415 724 1486 omnino
751 1434 830 1486 non
856 1408 916 1488 vel
943 1433 1023 1486 non
1049 1412 1124 1485 nisi
1151 1410 1289 1512 partlm
1315 1407 1474 1485 flandum
1506 1410 1698 1510 petentes,
1731 1414 1788 1485 sic
1814 1414 1859 1487 ut
1884 1409 2013 1516 liquor
2037 1417 2118 1489 tnr-

286 1532 415 1615 ‚bidus
442 1541 611 1632 maneat,
638 1534 859 1637 nullumque
887 1532 1136 1611 sedimentum
1164 1533 1346 1637 deponat.
1399 1533 1579 1637 Liquoris
1606 1534 1757 1638 quidem
1785 1534 1986 1613 calefactio
2019 1535 2118 1615 sedi·

303 1660 449 1757 mento,
477 1664 592 1739 etiam
618 1663 675 1737 sic
703 1664 933 1736 comminuto
962 1657 1146 1760 coagulo,
1178 1659 1299 1755 favet,
1330 1660 1457 1735 tamen
1484 1656 1883 1760 facilius-deponitur,
1912 1665 1947 1739 si
1965 1661 2119 1764 coaguli

280 1787 439 1887 partes
478 1813 611 1863 omnes
653 1784 813 1862 invicem
857 1780 932 1861 sibi
976 1783 1184 1860 adhaerent
1226 1803 1330 1859 cnm¹
1352 1791 1512 1886 propter
1549 1781 1618 1858 las
1650 1787 1751 1862 inter
1789 1811 1831 1863 se
1868 1783 2118 1864 adhaesiones

306 1916 427 2013 magis
454 1912 685 2013 gravesoant
710 1913 750 1985 et
776 1912 833 1985 sic
860 1908 1037 1986 facillime
1062 1911 1103 1984 in
1130 1907 1379 1985 sedimentnm
1406 1905 1557 1985 abeant.

178 2032 181 2037 ’
437 2038 646 2113 Praeterea
670 2062 782 2129 aero,
811 2061 897 2113 cum
923 2028 1082 2137 spiritus
1109 2036 1186 2109 vini
1212 2036 1367 2109 nonnisi
1393 2037 1573 2134 exiguam
1598 2036 1745 2136 partem
1771 2036 1952 2111 materiae
1978 2062 2120 2140 coagu·

303 2159 421 2238 laniis
448 2189 470 2238 e
496 2159 573 2237 bile
600 2164 747 2260 recenti
775 2170 927 2262 separet
954 2185 1077 2262 neque
1104 2154 1194 2233 bilis
1220 2156 1374 2234 'fervens
1387 2157 1632 2258 coaguletur,
1660 2158 1709 2234 ad
1727 2157 1831 2234 illam
1851 2158 2016 2236 Berzelii
2035 2161 2120 2238 illn-

270 2307 273 2313 ·
306 2289 401 2363 stris
420 2288 648 2392 sententiam
663 2284 845 2362 accedere
872 2312 951 2361 non
979 2310 1155 2384 possum,
1194 2280 1403 2358 secundnm
1431 2307 1543 2384 quam
1570 2280 1746 2360 'albumen
1778 2288 1818 2359 in
1848 2281 1927 2362 bile
1959 2289 2122 2363 exsiste-

293 2404 378 2506 ret,
409 2410 513 2515 qnod
538 2407 691 2514 adjecto
718 2407 828 2486 acido
857 2407 1078 2511 sulplrurico
1106 2402 1156 2482 alr
1185 2429 1232 2480 ea
1258 2406 1587 2508 separariposset.
1640 2411 1721 2483 lmo
1750 2407 1866 2485 credo
1894 2436 2006 2486 omne
2032 2436 2122 2486 coa·

306 2533 439 2636 gulam
467 2534 578 2611 acido
605 2533 769 2638 quodam
795 2536 836 2609 in
862 2530 941 2610 bile
967 2532 1171 2610 formatum
1198 2555 1278 2606 non
1304 2533 1380 2606 nisi
1404 2556 1429 2606 e
1454 2525 1541 2608 basi
1567 2530 1670 2608 lellis
1696 2530 1858 2609 alcalica
1876 2534 2121 2612 derivandum
2220 2551 2224 2558 '

307 2686 406 2736 esee.
463 2661 587 2735 Omne
620 2660 739 2760 igitur
773 2657 1040 2751 sedimentum,
1081 2654 1212 2732 addito
1246 2653 1357 2733 acido
1389 2658 1536 2733 acetico
1568 2660 1609 2732 in
1635 2652 1713 2733 bile
1747 2664 1889 2756 οήιιιιι,
1930 2686 2004 2764 pro
2035 2656 2123 2736 basi

265 2870 268 2874 ,
308 2783 421 2862 fellea
447 2786 593 2859 scotica
617 2780 753 2877 habui,
786 2779 975 2886 hesinqne
1002 2776 1052 2857 ab
1081 2778 1193 2857 acido
1220 2783 1366 2857 acetico
1392 2778 1468 2858 lroc
1492 2779 1609 2857 modo
1637 2787 1828 2884 separavi,
1861 2787 1905 2860 nt
1932 2784 2123 2862 sufficien-

239 2978 244 2983 .
309 2915 384 2988 tem
411 2908 461 2984 ad
487 2911 768 3010 separationem
795 2905 893 2983 acidi
919 2910 1054 2984 acetici
1081 2909 1232 3008 copiam
1258 2904 1420 3009 liquoris
1447 2911 1624 2982 ammonii
1651 2910 1810 2985 canstici
1828 2906 2039 2986 sedimento
2058 2907 2124 2986 ad·
2168 2959 2169 2962 =
2274 2998 2279 3008 1

309 3035 449 3112 darem.
504 3033 574 3109 Sic
594 3036 720 3135 igitur
746 3036 876 3133 accepi
903 3033 1132 3107 ammonium
1158 3033 1343 3107 aceticnm
1370 3057 1455 3108 cnm
1480 3027 1566 3108 basi
1584 3029 1685 3108 tellis
1703 3053 1855 3110 meraca
1873 3036 2122 3111 commistum.

311 3161 365 3238 Ut
400 3162 630 3234 ammonium
667 3159 851 3233 aceticum
882 3183 907 3231 a
936 3151 1023 3232 basi
1057 3180 1292 3256 separarem,
1324 3170 1488 3233 massam
1516 3181 1664 3232 omnem
1693 3182 1714 3235 e
1745 3160 1893 3236 retorta
1923 3161 2043 3236 nitrea
2075 3157 2125 3236 ad

309 3289 452 3361 mecam
480 3281 680 3378 destillari,
708 3308 784 3385 qno
813 3279 917 3358 lacto
943 3276 1051 3357 basis
1078 3306 1176 3381 pura
1201 3283 1241 3356 in
1265 3283 1415 3359 retorta
1441 3282 1634 3358 remansit.
1753 3286 1757 3293 '

1056 3527 1262 3615 Eaepcrin.
1296 3531 1353 3598 69

1030 3664 1068 3725 ln
1072 3665 1112 3725 do
1116 3668 1168 3726 les
1191 3667 1266 3727 basi
1270 3667 1343 3728 sei
1346 3668 1406 3766 lite
1886 3666 1890 3675 ’

339 3856 342 3860 ,
446 3780 582 3857 Refert
606 3782 732 3857 autem
767 3776 874 3856 lrasis
906 3775 1007 3855 sellis
1038 3782 1094 3854 ita
1123 3782 1259 3880 parata
1289 3762 1454 3858 massam
1486 3777 1650 3876 fuscam,
1691 3780 1897 3884 hyalinam,
1937 3690 2126 3884 lragtlem,

312 3910 464 4007 saporis
491 3909 729 3982 amarissimi.
783 3905 935 3982 Recens
962 3906 1099 4005 parata
1124 3901 1284 3980 elcalica
1297 3903 1402 3982 dedit
1417 3904 1753 3983 indiciaadversns
1772 3905 1939 3984 chartam
1958 3903 2126 4002 rubram,

249 4098 254 4103 .
313 4029 491 4107 facilem
518 4056 634 4134 aqna,
667 4033 707 4104 in
734 4031 845 4106 aceto
872 4030 949 4106 et
937 4053 977 4102 m
1006 4029 1144 4131 spiritu
1169 4032 1247 4106 vini
1275 4026 1463 4107 solubilIs.
1519 4032 1615 4107 cnm
1647 4057 1739 4108 aero
1773 4029 1916 4108 diutins
1947 4034 2029 4109 atri
2060 4058 2129 4110 ex·

315 4159 443 4256 posite
475 4156 514 4230 et
545 4157 697 4231 servata
723 4154 843 4249 esset,
884 4152 1188 4231 alcalescentiam
1214 4152 1296 4231 l'ere
1322 4160 1449 4233 amisit
1473 4182 1519 4232 ac
1546 4181 1672 4260 neque
1697 4158 1738 4231 in
1772 4180 1889 4259 aque,
1931 4181 2056 4260 neqne
2087 4159 2128 4234 in

203 4282 206 4286 ’
313 4281 441 4372 aceto,
473 4305 597 4380 neque
629 4284 669 4355 in
696 4280 835 4380 spiritu
860 4281 938 4354 vini
964 4281 1048 4355 tota
1075 4278 1197 4356 adhuc
1225 4275 1402 4357 solubilis
1428 4277 1514 4356 init
1567 4279 1730 4356 Videtur
1761 4283 1881 4383 igitur
1911 4278 1986 4358 linc
2013 4280 2127 4358 modo

315 4403 475 4482 similem
501 4405 764 4501 mutationem,
798 4428 912 4508 qnam
939 4401 1169 4506 ptyalinum,
1202 4408 1418 4507 accepisse,
1456 4402 1560 4507 qnod
1591 4426 1671 4482 non
1707 4408 1833 4482 minus
1858 4408 1996 4483 mna
2027 4403 2129 4481 solu

182 4558 185 4562 ’
315 4534 419 4606 tione
445 4530 485 4604 et
510 4531 782 4630 inspissatione
807 4525 995 4617 adscitam'
1015 4524 1139 4605 induit
1162 4531 1352 4607 naturam.

450 4651 608 4756 Aliquot
638 4649 776 4727 ablinc
815 4655 926 4728 annis
951 4650 1034 4756 jam
1067 4652 1179 4728 aliam
1216 4651 1436 4731 methodum
1470 4677 1545 4754 ope
1576 4650 1676 4728 acidi
1707 4548 1848 4745 oxalici
1879 4649 1992 4731 basin
2026 4650 2129 4731 fellis

316 4776 521 4880 separandi
547 4774 735 4879 descripsi
761 4773 968 4874 (dleckels
993 4775 1133 4853 Archiv
1165 4777 1230 4853 sur
1238 4775 1490 4881 Plyeiologie
1508 4777 1647 4877 1826.)
1698 4777 1870 4883 Namque
1895 4778 1976 4853 tum
1987 4776 2130 4855 credidi
2167 4850 2171 4855 .
2212 4814 2224 4825 ·

317 4908 429 4980 etiam
446 4900 594 4978 acidum
623 4900 812 4978 oxalicnm
838 4905 880 4976 in
905 4901 1119 4978 ventriculo
1145 4900 1281 4980 adesse
1307 4925 1439 5002 posse.
1493 4902 1736 5005 Quamquam
1760 4927 1852 4978 vero
1884 4898 1925 4977 id
1950 4926 2030 4977 non
2056 4904 2128 5000 est,

317 5038 442 5105 tamen
469 5010 544 5127 ope
576 5024 717 5103 oxalici
749 5024 847 5128 acidi
879 5051 958 5102 non
992 5030 1117 5105 minus
1149 5024 1263 5105 facile
1293 5020 1399 5104 basis
1429 5023 1532 5105 fellis
1563 5029 1735 5126 separari
1764 5026 1908 5128 potest.
1958 5024 2129 5105 Necesse

1625 5145 1709 5227 1⁰⁰
