4830 6188
1165 426 1225 520 98

456 609 717 715 Quamobrem
739 618 818 739 boc
845 619 969 724 cbymi
994 619 1141 696 acidum
1170 647 1219 697 ex
1246 620 1515 723 progredienti·
1537 625 1762 720 mutatione,
1791 651 1905 730 quam
1923 603 2109 706 'amena
2134 669 2137 673 ·

294 750 335 822 iu
362 724 559 824 stomacho
593 744 778 839 subeunt,
821 747 1008 846 originem
1036 744 1191 842 ducere,
1233 772 1410 851 nequae
1436 744 1657 824 membrana
1682 749 1884 828 vasculosa
1908 751 2109 830 ventriculi

296 870 355 947 uel
386 867 582 973 glandulis
614 864 858 970 membranae
890 864 1115 948 vasculosae
1145 872 1413 948 intestinorum
1427 876 1555 974 gigni
1585 873 1748 977 ridetur.
1804 876 1922 966 Quod
1950 882 1984 977 si
2011 882 2110 954 acci·

297 994 420 1092 deret,
469 993 626 1097 cbymus
664 1022 685 1073 e
726 993 994 1071 diversissimis
1028 992 1125 1071 cibis
1157 994 1314 1071 eandem
1353 1001 1607 1073 acescentiam
1646 998 1785 1076 oll'erre
1823 998 1995 1099 deberet,
2035 1000 2109 1098 vel,

295 1129 338 1196 ut
365 1120 469 1197 clar.
497 1117 782 1196 'riedemannus
810 1123 849 1196 et
877 1118 1074 1196 Gmelinus
1092 1117 1276 1215 credunt,
1314 1120 1497 1224 majorem
1524 1125 1638 1197 etiam
1651 1128 1690 1198 in
1703 1123 1764 1200 bis
1778 1123 1984 1223 alimentis,
2011 1102 2145 1232 quae‘

294 1248 486 1323 concoctu
513 1242 689 1320 difficiba
708 1246 966 1337 aestimentur.
1020 1242 1128 1319 Haec
1153 1257 1245 1318 aero
1279 1249 1409 1345 opinio
1442 1243 1528 1321 sola
1553 1272 1621 1322 eos
1653 1247 1803 1325 videtur
1827 1249 2039 1347 induxisse,
2065 1255 2112 1328 ut

295 1375 583 1471 suspicarentur
611 1366 863 1470 digestionem
895 1366 990 1444 nihil
1022 1393 1127 1464 csse,
1167 1371 1243 1443 uisi
1256 1422 1258 1427 -
1273 1366 1479 1456 chemicam
1513 1358 1685 1446 ciboruni
1715 1376 1756 1448 in
1788 1398 1905 1448 succo
1936 1377 2111 1476 gastrico

296 1493 408 1572 acido
436 1491 684 1589 solutionem,
713 1494 866 1589 etenim,
893 1496 929 1569 si
956 1495 1170 1568 accuratius
1198 1519 1244 1568 ea
1256 1490 1520 1592 phaenomena
1531 1491 1814 1595 perpendimus,
1843 1525 1940 1602 quae
1954 1495 2005 1576 ad
2018 1520 2111 1577 con·

295 1616 517 1699 lirmaudam
544 1615 648 1726 illam
676 1618 894 1716 opinionem
921 1612 1030 1692 cibos
1058 1623 1246 1691 concoctu
1272 1615 1449 1695 difficiles
1475 1623 1514 1695 in
1541 1618 1751 1695 ventriculo
1775 1626 1901 1723 magis
1931 1605 2110 1702 acescere
2188 1676 2191 1681 -

295 1743 555 1847 collegerunt,
584 1743 680 1816 satis
708 1741 849 1836 elucet,
875 1744 924 1817 iis
951 1741 1032 1816 l'cre
1060 1745 1290 1816 contrarium
1317 1738 1488 1843 probari.
1541 1744 1726 1820 Fortasse
1744 1746 1857 1828 etiam
1874 1744 2026 1825 illorum
2040 1741 2111 1823 ob·

295 1871 533 1945 servatioues
560 1871 684 1943 miuus
713 1867 841 1942 certae
867 1861 1085 1959 habendae,
1118 1890 1232 1966 quam
1259 1889 1355 1967 quas
1383 1893 1457 1967 ego
1484 1850 1690 1969 proposui,
1724 1872 1864 1972 quippe
1888 1868 2000 1973 quod
2018 1895 2111 1974 gra»
2141 1900 2146 1907 ·

296 1993 384 2068 dum
411 1989 510 2070 acidi
536 2016 613 2066 uon
641 1994 716 2067 nisi
742 1987 950 2066 secuudum
977 1991 1229 2064 intensionem
1258 1987 1419 2087 coloris,
1447 2016 1558 2094 quam
1577 1991 1711 2068 cbarta
1729 1989 2111 2095 exploratoriasubi·
2174 2069 2177 2072 ,

192 2194 195 2201 ,
295 2120 372 2214 ret,
400 2121 710 2211 aestimaverunt,
739 2139 815 2214 ego
840 2114 977 2190 autem·
994 2138 1065 2213 per
1090 2115 1306 2189 accuratam
1334 2116 1609 2192 saturationem
1635 2119 1762 2195 certae
1789 2118 1904 2221 atque
1930 2115 2110 2197 delinitae

294 2244 430 2343 copiae
457 2238 582 2343 clrymi
608 2263 693 2314 cum
719 2234 796 2312 lali
823 2233 1030 2313 carbonico
1055 2235 1218 2340 gradum
1244 2236 1481 2317 acescen'tiae
1508 2235 1681 2318 ciborum
1707 2245 1991 2321 accuratissime
2008 2268 2111 2320 cou-

289 2368 453 2444 ramae
478 2367 600 2467 potui.

430 2488 513 2568 Sed
539 2514 641 2564 nunc
668 2491 779 2565 etiam
806 2481 973 2588 probare
1000 2482 1163 2562 studebo
1191 2484 1456 2588 Spallanzanii
1482 2492 1718 2589 opinionem,
1745 2488 1908 2567 amultis
1920 2493 2110 2570 ueoeutto·

293 2643 380 2692 rum
406 2615 618 2716 acceptam,
662 2637 760 2715 quae
792 2609 1044 2712 digestionem
1076 2608 1171 2687 dicit
1205 2609 1435 2687 solutionem
1468 2611 1671 2690 clremicam
1704 2613 1875 2691 ciborum
1908 2641 1958 2691 ox
1991 2612 2107 2690 succo

295 2742 505 2845 gastrIcum
533 2734 681 2814 acidum
708 2731 769 2813 vel
796 2733 1024 2831 neutralem,
1064 2737 1198 2839 ntique
1224 2752 1311 2813 esse
1343 2733 1497 2834 salsam,
1536 2763 1661 2846 neque
1686 2738 1861 2842 prolecto
1888 2766 1959 2840 per
1989 2735 2106 2817 ullum

296 2864 492 2945 sufficiens
518 2862 783 2966 argumentum
810 2855 1108 2964 comprobatam.

799 3424 859 3516 V.
926 3386 1180 3516 Thouria
1227 3414 1593 3544 digestionis.

706 3633 734 3692 1.
770 3631 903 3695 Relutatio
921 3631 1057 3694 docffiuae
1073 3628 1224 3692 Rcaumurii
1240 3639 1269 3703 et
1286 3629 1462 3714 Spallmranii
1479 3631 1513 3691 dc
1529 3631 1682 3710 digestione.

429 3764 518 3841 Jam
549 3788 640 3838 vero
673 3761 865 3841 fatendum
893 3791 986 3840 sane
1012 3763 1190 3864 protinus
1217 3764 1295 3857 est,
1330 3759 1642 3864 Spellanzanium
1663 3787 1741 3836 non
1762 3758 1924 3856 dixisse,
1952 3782 2108 3835 succum

198 3880 211 3905 ⁸
298 3888 508 3988 guelricum
535 3913 622 3979 esse
649 3887 814 3986 acidum,
855 3893 930 3966 imo
958 3915 1043 3965 eum
1056 3885 1240 3989 *perlecto
1267 3885 1478 3965 neutralem
1508 3881 1700 3963 babuisse.
1754 3886 1888 3988 Neque
1919 3886 2109 3960 ventricu·
2183 3914 2187 3921 ·

298 4010 375 4088 lum
408 4009 532 4089 solum
565 4039 652 4091 esse
683 4010 798 4119 hujus
831 4016 937 4090 succi
968 4012 1114 4090 iontem
1146 4010 1324 4109 credidit,
1366 4009 1468 4115 quod
1499 4014 1543 4087 in
1572 4037 1688 4087 corvo
1727 4013 1879 4086 cornice
1906 4010 2108 4083 maximam

207 4217 210 4221 ,
300 4135 383 4242 ejus
412 4140 560 4241 copiam
587 4165 638 4217 ex
665 4138 889 4242 oesophago
914 4141 1052 4216 uectus
1080 4139 1156 4233 est,
1197 4161 1321 4241 neque
1336 4162 1429 4235 uno
1461 4132 1548 4213 loco
1582 4133 1771 4213 distinctis
1801 4129 1928 4210 verbis
1953 4131 2108 4228 fatetur,

157 4354 160 4361 Ι
300 4288 343 4339 se
369 4261 513 4340 nullum
540 4265 686 4342 certum
712 4262 926 4361 discrimen,
955 4260 1059 4368 quod
1083 4266 1185 4338 inter
1210 4288 1347 4339 succos
1374 4261 1588 4365 oesophagi
1615 4267 1653 4335 et
1677 4255 1876 4335 ventriculi
1902 4259 1941 4333 ct
1962 4259 2109 4335 intesti-

298 4412 435 4465 norum
460 4386 688 4486 intercedat,
715 4390 882 4466 statuere
908 4414 1037 4489 possa.
1065 4384 1350 4488 (Experiences
1376 4413 1444 4464 sur
1470 4383 1510 4461 la
1536 4383 1741 4485 digestion.
1768 4379 1889 4457 Trad.
1914 4408 1986 4485 par
2009 4381 2110 4460 Sen-

299 4507 434 4591 uebier
462 4539 502 4615 p.
535 4514 653 4614 246.)
707 4516 843 4589 Omnis
876 4510 1142 4614 Spellanzanii
1180 4515 1310 4612 opinio
1348 4537 1395 4586 eo
1429 4511 1594 4613 spectat,
1633 4509 1677 4583 ut
1713 4506 1924 4584 doctrinam
1960 4494 2109 4584 maella·

300 4640 422 4715 uicam
455 4636 504 4716 de
533 4640 777 4716 trituratione
810 4633 982 4714 ciborum
1013 4640 1054 4712 in
1086 4634 1298 4713 ventriculo
1331 4633 1467 4713 falsam
1500 4658 1586 4710 esse
1617 4628 1774 4734 probet,
1814 4631 1854 4706 id
1896 4631 1999 4735 quod
2024 4630 2107 4737 jam

302 4766 417 4840 autea
455 4764 711 4843 Beuumurius
750 4761 885 4843 iisdem
926 4759 1096 4868 quidem,
1142 4759 1213 4839 sed
1252 4787 1331 4836 non
1371 4784 1502 4861 aeque*
1537 4757 1657 4833 firmis
1699 4758 1968 4857 experimentis
2007 4761 2108 4832 evin·

301 4913 389 4966 cere
415 4888 624 4968 studuerat.
649 4888 776 4991 (Mem
790 4884 1076 4967 del'Academie
1103 4883 1151 4963 de
1177 4887 1289 4962 Paris
1321 4884 1460 4983 1752.)
1512 4881 1637 4989 Hujus
1662 4883 1917 4958 triturationis
1944 4879 2032 4958 loco
2046 4908 2109 4957 so·

299 5010 483 5097 lationem
509 5013 714 5095 chenricam
741 4994 913 5092 ciborum
938 5015 979 5088 in
1007 5037 1161 5109 succo,
1184 5036 1296 5116 quem
1325 5012 1533 5112 gastricum
1560 5007 1783 5105 nominarit,
1823 5008 1863 5084 et
1895 5004 2004 5112 cujus
2032 5002 2109 5084 sol·
