4830 6188
1186 466 1301 567 53,-

366 808 498 898 vm.
562 805 950 959 liopertum
933 714 1012 892 de
1057 805 1396 923 coagulatione
1432 800 1571 890 tuctia
1599 826 1699 918 per
1733 765 2063 901 ventriculum,

923 964 1074 1059 sativo
1106 952 1343 1112 aliisque
1332 960 1490 1052 rebus.
1631 1092 1635 1099 Ι

1023 1162 1227 1255 Bapar‘
1187 1186 1275 1233 rasa.
1307 1162 1364 1233 tb-

337 1324 342 1331 '
441 1304 691 1390 Stomachum
717 1289 916 1387 ¹vitulinum
944 1310 1196 1404 exsiccatum,
1233 1307 1404 1385 velutin
1431 1304 1608 1384 ol'ticimts
1624 1309 1806 1408 prostat,
1847 1303 1939 1383 mibi
1963 1302 2127 1384 afferen-

302 1442 392 1535 dum
420 1441 548 1516 curavi
581 1434 772 1541 hujusque
798 1431 988 1510 uacans
1024 1430 1174 1513 duabus
1206 1431 1348 1531 inludi,
1383 1429 1593 1509 secandum
1618 1419 1957 1535 ¹pharmacopotae
1985 1427 2127 1510 borna·

303 1573 407 1645 sicae
433 1564 790 1667 praescriptionem,
818 1563 953 1634 uucms
980 1561 1061 1634 tres
1085 1583 1208 1663 aquae
1227 1555 1603 1660 vulgarist'rigidae,
1632 1557 1672 1634 et
1690 1582 1763 1660 per
1785 1556 1984 1637 duodecim
2008 1554 2125 1634 boras

304 1693 476 1793 deposui.
530 1691 641 1791 Aqua
675 1682 811 1761 delusa
844 1681 1107 1785 duodeviginti
1140 1682 1340 1759 drachmas
1366 1677 1570 1760 efficiebat.
1624 1679 1821 1760 Adversus
1854 1682 2024 1760 obortam
2056 1709 2126 1761 ex·

305 1817 552 1919 ploratorium
580 1807 795 1888 caeruleam
823 1800 959 1885 uotam·
983 1804 1194 1891 exhibebat
1225 1805 1459 1908 peracidam,
1485 1810 1601 1910 atque
1625 1811 1753 1886 inveni
1779 1806 1829 1884 ad
1853 1826 2035 1912 granum‘
2048 1806 2136 1928 ltali¹

302 1935 497 2016 carbouici
525 1932 775 2013 saturandum
803 1931 993 2011 drachmis
1020 1930 1146 2011 tribus
1172 1932 1287 2039 bajus
1314 1932 1477 2036 liquoris
1496 1957 1603 2035 opus
1622 1958 1721 2012 esse.
1775 1932 2123 2041 lijusdcmuuolam
2174 2000 2181 2015 ,

300 2090 415 2141 unam
443 2090 465 2141 e
494 2063 643 2141 retorta
667 2063 790 2137 vitrea
817 2058 1056 2136 distillationi
1084 2053 1234 2163 subjeci
1261 2084 1307 2134 ac
1332 2060 1511 2159 protinus
1538 2055 1769 2135 destillatum
1802 2059 1952 2137 acidum
1979 2064 2123 2161 accepi,

295 2187 405 2294 'quod
438 2190 603 2291 argento
637 2188 776 2262 uitrico
810 2209 888 2259 non
921 2178 1163 2259 turbabatur.
1218 2181 1509 2289 Hyde-argyrum
1539 2208 1633 2261 vero
1665 2183 1914 2289 odeulatum
1945 2188 2121 2262 uitricum

301 2314 552 2392 sedimeutum
581 2317 773 2389 cinereum
802 2289 920 2386 dabat
946 2332 1017 2384 nec
1042 2312 1168 2384 miuus
1195 2306 1339 2386 terrum
1365 2310 1602 2387 muriaticam
1626 2308 1793 2387 colorem
1813 2308 1981 2413 pallido·
1985 2335 2123 2386 aurau-
2196 2364 2201 2376 ·

298 2443 457 2534 tiacum,
497 2435 601 2541 qnod
636 2439 866 2541 ammonium
899 2437 1083 2510 acetioum
1114 2432 1253 2510 adesse
1286 2428 1552 2510 denunciabat.
1607 2432 1722 2524 Quae
1747 2438 1788 2512 in
1807 2432 1971 2512 retorta
1972 2461 2123 2513 reman-
2191 2469 2196 2476 ⁸

301 2565 449 2661 serant,
481 2560 576 2638 nibil
604 2564 715 2637 erant
741 2564 816 2636 uisi
843 2555 1021 2653 albumen
1049 2557 1179 2636 calore
1212 2558 1468 2663 coagulatum.
1523 2556 1653 2650 Quum
1680 2563 1781 2637 scire
1808 2586 2004 2663 cuperem
2046 2587 2122 2664 quo

300 2691 441 2768 caloris
468 2682 593 2789 gradu
621 2684 842 2786 coagulatio
868 2683 995 2780 tieret,
1036 2683 1270 2788 aliquantum
1297 2682 1412 2790 bujus
1439 2683 1600 2787 liquoris
1627 2682 1914 2783 mleboiebam,
1946 2712 2123 2765 cmsoeu·

298 2823 452 2919 temque
485 2794 651 2889 calorem
682 2808 956 2888 thermometro
991 2811 1211 2888 Reaumurii
1243 2812 1425 2914 inposito
1458 2805 1670 2886 observavi.
1729 2810 1862 2888 Gradu
1894 2816 1962 2891 lu.
1995 2811 2123 2917 liquor

195 2940 198 2945 ’
289 2935 446 3019 ἰιιιὶιιιί
472 2939 612 3039 coepit
668 2937 854 3036 opacitas
866 2932 975 3012 valde
988 2936 1160 3031 increvit,
1189 2932 1312 3012 donec
1336 2933 1463 3038 gradu
1490 2938 1554 3013 50.
1582 2933 1754 3037 perfecta
1766 2941 1872 3014 esset
1884 2934 2120 3016 obscuratio.
2216 2935 2218 2938 ⁴

298 3065 556 3166 sexagesimo
585 3059 710 3162 gradu
738 3056 892 3155 coaluit
946 3060 1094 3164 [siquos
1118 3085 1144 3136 a
1170 3058 1336 3165 coagulo
1362 3085 1434 3160 per
1460 3057 1705 3138 tiltratiouom
1737 3067 1940 3164 separatus
1972 3062 2120 3169 acidum

297 3190 509 3270 retinuerat
535 3184 605 3263 sod
633 3182 791 3262 dilutius
816 3182 929 3282 illud,
966 3212 1078 3289 quam
1105 3189 1146 3262 iu
1172 3188 1316 3264 recenti
1342 3184 1490 3280 infuso,
1508 3212 1607 3262 cum
1639 3190 1779 3288 partim
1807 3192 1847 3266 iu
1874 3187 2005 3267 calore
2036 3216 2121 3266 eva·
2199 3168 2201 3172 ⁵

159 3401 169 3413 ,
295 3315 501 3423 potaverit.
554 3314 646 3388 Mea
671 3313 796 3387 autem
813 3309 986 3388 interfuit
1015 3336 1270 3414 cognoscere,
1298 3334 1323 3386 a
1350 3315 1514 3416 quonam
1539 3314 1729 3417 principio
1757 3313 1978 3418 coagulatio
2006 3315 2118 3393 lactis

295 3467 366 3544 per
391 3435 643 3516 ventriculum
671 3432 877 3512 derivanda
902 3438 1019 3514 esset.
1073 3440 1199 3539 igitur
1225 3419 1389 3513 diversis*
1412 3435 1524 3513 laetis
1549 3434 1795 3539 portionibus
1814 3437 1971 3517 mibus
1987 3445 2139 3519 vitreis.

296 3567 518 3663 exceptis
498 3560 682 3638 admiscui
715 3567 749 3639 t.
777 3560 944 3637 inlusum
980 3563 1169 3637 sincerum
1197 3587 1218 3638 e
1244 3559 1456 3639 ventriculo
1485 3565 1588 3638 sicco
1620 3563 1781 3641 vitulino
1809 3591 1894 3642 cum
1927 3593 2027 3670 aqua
2052 3594 2120 3669 pa·

199 3708 205 3724 ¹
295 3692 418 3764 ratum
451 3691 490 3764 2.
518 3687 705 3790 liquorem
737 3691 829 3788 post
860 3685 1166 3787 coagulationem
1198 3682 1314 3792 bujus
1339 3683 1476 3768 infusi
1479 3713 1508 3764 a
1503 3687 1700 3789 coagulo
1733 3685 1977 3770 albuminose
2009 3718 2120 3794 sepa·

295 3816 419 3892 ratum
452 3808 705 3913 aliquorum
732 3806 966 3887 desffllntum
999 3813 1039 3887 l
1070 3809 1257 3907 inlusum,
1298 3808 1409 3916 cujus
1440 3811 1589 3888 acidum
1616 3816 1731 3891 antea
1756 3842 1841 3892 cum
1876 3815 1949 3895 cali
1981 3814 2118 3896 carbo·

293 3943 382 4015 nico
407 3935 578 4040 perlecto
604 3936 876 4010 saturatas-am.

429 4061 605 4164 Deposui
630 4083 723 4134 vero
750 4057 821 4134 bas
849 4061 1014 4161 quatuor
1039 4064 1257 4163 portiones,
1283 4063 1324 4138 in
1341 4060 1748 4161 rasavitreadet'usas,
1775 4062 1863 4142 loco
1877 3976 2009 4169 tepido
2029 4096 2119 4171 gra-

203 4245 212 4254 .
295 4186 415 4263 duum
434 4188 554 4261 20-
569 4183 702 4262 251.
726 4186 849 4295 atque
875 4182 947 4261 bos
972 4183 1053 4260 vidi
1076 4188 1247 4263 eventus.

423 4294 579 4368 Menum
604 4284 784 4367 niam
799 4288 911 4369 lactis
938 4291 1246 4436 coagulationem
1272 4291 1522 4404 perlectam
1503 4321 1586 4400 Jam
1613 4294 1748 4398 elapso
1766 4298 1978 4401 quadrante
1999 4300 2116 4382 borea

284 4419 515 4511 ‚etl'aeemtf
521 4419 597 4491 sio
603 4415 653 4490 ut
672 4413 803 4520 aliqua
830 4421 914 4493 seri·
933 4441 1025 4519 pars
1046 4415 1130 4523 jam
1157 4423 1343 4519 separata
1356 4422 1464 4497 esset
1484 4446 1532 4497 a
1528 4424 1640 4498 casei
1658 4447 1799 4500 massa.
1852 4425 2000 4530 Liquor
2026 4432 2118 4530 post

293 4542 410 4621 infusi
447 4539 761 4645 coagulationem
792 4550 997 4619 remensus
1029 4548 1149 4644 past·
1143 4544 1178 4620 -5
1212 4541 1329 4621 buras
1361 4543 1511 4622 demum
1544 4545 1604 4622 lac
1637 4546 1873 4651 coagulavit,
1911 4555 2088 4629 siout
2075 4581 2115 4630 m

224 4724 227 4730 .
293 4667 390 4774 ejus
414 4665 836 4770 supernatamus
866 4664 1035 4745 cuticula
1065 4671 1153 4744 orta
1189 4670 1311 4765 assat,
1351 4668 1454 4774 quod
1485 4675 1526 4748 iu
1557 4669 1718 4776 reliquis
1754 4672 1998 4776 portionibus
2036 4705 2115 4755 nou

292 4790 495 4879 acciderat.
538 4785 712 4895 biquae·
707 4786 979 4878 destinatus
959 4818 1053 4898 Jam
1067 4798 1173 4870 iutra
1195 4797 1256 4872 ιιι
1283 4794 1532 4898 quadrantem
1565 4794 1684 4875 borae
1717 4799 2023 4904 coagulationem
2050 4801 2115 4880 da-

291 4916 379 5015 bat,¹¹
400 4920 517 5020 atque
542 4915 726 4993 intusum
734 4934 830 4993 ιιι
823 4913 927 4993 ltali
952 4916 1161 4998 carbonico
1188 4922 1404 5073 mutuatum
1426 4948 1504 5051 nou
1532 4925 1658 5001 minus
1671 4925 1765 5026 post
1780 4927 1969 5079 integram
1980 4925 2114 5006 brem

291 5034 930 5148 manganes-a·-
