4830 6188
1062 442 1121 537 33
1285 457 1287 461 ⁴

121 755 129 764 ι
183 671 269 722 cum
297 643 483 747 expertus
508 661 633 716 essem
660 637 840 715 animalia
864 636 960 714 haec
988 637 1140 713 ostreas
1168 633 1229 712 vel
1247 636 1339 736 post
1356 639 1408 715 24
1424 634 1602 712 hararum
1622 640 1820 716 ventriculi
1839 634 2000 721 inanita-
2081 638 2084 643 ’

185 775 262 850 tem
290 769 429 872 sponte
462 791 541 842 uon
570 789 784 861 assumerc5
822 759 997 840 sednon
1024 764 1100 836 nisi
1126 765 1163 835 vi
1190 762 1230 836 in
1256 761 1390 838 fauces
1416 765 1590 863 ingestas
1618 760 1819 864 deglutire.
1875 765 2000 847 Simul

184 921 277 973 vero
304 892 473 971 videram
502 893 692 987 ostreas,=
707 911 936 992 quamquam
952 940 954 944 ι
968 887 1192 963 invitissimo
1220 879 1446 988 deglutitae,
1477 893 1604 962 tamen
1631 889 1675 982 in.
1698 913 1834 966 canum
1861 897 2001 972 ventri·
2097 875 2101 883 ¹
2215 884 2223 891 ’

186 1021 275 1098 culo
303 1021 510 1112 contineri,
537 1041 609 1092 uec
635 1015 781 1088 vomitu
807 1019 1021 1113 spontanee
1046 1013 1196 1111 respui,
1225 1013 1339 1113 atque
1365 1013 1565 1114 praetcrea
1591 1008 1689 1090 bene
1717 1012 1853 1118 digeri.

319 1146 453 1247 ltaque
480 1140 579 1216 dues
607 1162 742 1234 canes,
784 1158 945 1240 quorum
978 1132 1078 1213 alter
1108 1133 1270 1212 alterum
1296 1162 1375 1212 nou
1403 1135 1527 1212 solnm
1554 1140 1806 1238 incrementa,
1847 1143 1916 1220 sed
1943 1173 2003 1224 se·
2112 1151 2119 1167 '

188 1269 352 1365 eundum
379 1264 699 1367 experientissimi
726 1259 962 1363 professoris
988 1262 1028 1335 in
1056 1258 1191 1336 schola
1216 1264 1444 1339 veterinaria
1469 1262 1648 1364 Hertwig
1665 1260 1851 1369 judicium
1877 1273 2003 1350 aetate

190 1420 346 1501 qnoque
374 1384 579 1495 aequabat,
606 1383 698 1462 mihi
726 1382 944 1462 afferendos
976 1384 1120 1460 curavi.
1173 1385 1384 1489 Utrumque
1410 1413 1480 1486 per
1512 1390 1559 1463 16
1587 1386 1705 1465 haras
1733 1415 1758 1465 a
1785 1388 1872 1476 cibo
1901 1394 2005 1472 cohi-
2114 1357 2120 1364 ι
2176 1422 2179 1427 ·

188 1516 278 1617 bui,
320 1523 376 1595 sic
403 1523 445 1590 ιιι
472 1509 585 1588 ambo
612 1510 695 1587 iere
722 1507 876 1586 easdem
904 1512 1029 1585 omnis
1056 1511 1155 1586 vitae
1181 1513 1352 1587 rationes
1379 1507 1581 1608 haberent,
1621 1538 1745 1617 neque
1772 1518 1847 1592 nisi
1874 1517 2005 1598 celere

188 1646 291 1719 inter
320 1667 364 1719 se
397 1637 610 1715 dih'errentr
649 1658 738 1713 nam
766 1631 864 1712 alter
890 1631 1023 1731 albus,
1051 1631 1149 1712 alter
1173 1661 1265 1713 vero
1298 1637 1412 1737 niger
1445 1642 1538 1712 erat.
1593 1633 1675 1713 Sic
1694 1641 1814 1740 igitur
1845 1648 2005 1748 uterque

191 1770 297 1843 canis
329 1763 691 1844 henrimannum
721 1763 783 1837 ree
801 1755 1052 1862 pascebatur,
1084 1766 1128 1835 ut
1153 1760 1333 1837 alimenta
1370 1759 1624 1838 examinanda
1655 1764 1692 1837 vi
1730 1764 1769 1839 in
1808 1769 2006 1876 utriusque

189 1889 323 1968 feneas
347 1892 627 1994 ingererentur.
710 1903 772 1945 '³³‘

323 2013 448 2092 Albus
479 2016 588 2089 canis
623 2009 812 2115 deglutire
845 2017 1003 2087 coactus
1043 2018 1104 2088 est
1144 2017 1234 2086 octo
1269 2016 1419 2087 ostreas
1450 2008 1599 2107 edules,
1647 2007 1920 2124 deglutitisque
1959 2022 2008 2100 iis
2041 2085 2043 2091 .

191 2144 341 2244 aceepit
367 2137 571 2217 frustulam
598 2141 730 2240 panis,
760 2134 866 2240 qnod
893 2141 1033 2238 sponte
1061 2138 1253 2212 assumsit.

72 2249 78 2254 ”
327 2267 446 2341 Canis
473 2289 565 2340 vera
592 2266 710 2378 niger
738 2259 852 2336 simili
884 2259 999 2336 modo
1033 2262 1182 2363 accepit
1214 2265 1364 2336 ostreas
1392 2254 1481 2335 octo
1510 2282 1595 2336 cnm
1630 2266 1874 2368 sesquiuncia
1906 2270 2010 2348 casei

192 2388 412 2468 liellandici
455 2387 592 2493 (quem
636 2374 677 2462 iu
719 2384 874 2463 levitate
923 2388 1104 2464 materiae
1143 2412 1168 2462 a
1206 2410 1322 2461 caseo
1364 2388 1515 2460 vetuste
1556 2380 1700 2461 bovino
1744 2388 1851 2469 nulle
1894 2392 2009 2473 medo

190 2514 349 2591 dih'arre
388 2521 572 2618 expertus
609 2511 738 2611 eram)
765 2508 1008 2615 frustuloque
1046 2514 1170 2614 panis.
1225 2511 1335 2585 Hora
1366 2507 1582 2607 undecima,
1615 2507 1739 2590 tribus
1772 2517 1891 2662 igitur
1920 2530 2013 2621 pest

193 2640 321 2736 horis,
348 2649 550 2743 utrumque
577 2654 710 2713 canem
738 2630 902 2711 accidi
883 2640 1004 2742 jussi,
1032 2645 1147 2742 atque
1173 2635 1279 2712 haec
1294 2637 1432 2712 inveni.
2052 2704 2054 2711 .
2108 2720 2113 2729 ,

328 2768 448 2840 (lanis
483 2759 613 2858 albus,
641 2764 709 2866 qui
734 2784 862 2838 meras
896 2768 1048 2838 estrees
1074 2786 1159 2839 cum
1192 2761 1305 2861 panis
1336 2766 1482 2835 tantum
1513 2759 1688 2862 pauxillo
1721 2770 1939 2868 acceperat,
1972 2773 2013 2853 in
2052 2862 2054 2864 V
2111 2802 2113 2806 ·

193 2887 405 2968 ventricula
433 2884 567 2965 hebuit
592 2884 767 2990 chymum
795 2884 932 2963 solitae
956 2883 1117 2982 indolis,
1145 2883 1328 2986 ponderis
1356 2881 1620 2962 drachmarum
1635 2893 1724 2964 octo
1742 2915 1828 2966 cnm
1847 2880 2022 2995 dimidia

55 3019 58 3024 '
196 3019 258 3092 eui
276 3018 436 3116 insuper
459 3003 714 3091 inhaerebant
737 3008 904 3088 frustula
931 3018 1096 3118 quatuor
1121 3017 1333 3085 ostreernm
1352 3005 1697 3110 scmidigcstamm‚
1724 3020 1816 3114 post
1831 3013 2014 3099 lotionem

195 3136 281 3216 cum
308 3158 411 3244 aqua
428 3138 591 3244 junctim
619 3135 883 3241 draclmarum
917 3143 1084 3241 quatuor
1110 3136 1156 3210 et
1193 3131 1349 3209 dimidia
1378 3131 1531 3235 pondus
1566 3126 1759 3213 habentia.
1812 3139 1932 3220 Panis
1960 3147 2016 3223 ite

196 3266 371 3368 dilapsae
398 3273 481 3341 erat
505 3271 550 3339 nt
576 3259 670 3368 ejus
687 3269 819 3364 partes
847 3258 871 3336 a
898 3261 1034 3364 chymc
1059 3284 1139 3335 uon
1165 3260 1329 3359 possent
1355 3260 1538 3360 separari.
1593 3261 1735 3337 Omnia
1760 3263 1896 3368 igitur,
1917 3287 2016 3376 quaa

195 3386 429 3468 venatorius
454 3383 580 3465 adhuc
605 3380 845 3483 continebat,
872 3381 1091 3463 efficiebant
1112 3381 1317 3460 drachmas
1342 3378 1534 3459 tredecim.

331 3517 452 3591 (lanis
479 3518 615 3588 contra
639 3513 766 3614 niger,
792 3511 860 3614 qni
887 3517 1038 3586 caueae
1064 3532 1279 3612 panemque
1305 3504 1416 3583 simul
1445 3533 1531 3584 cum
1559 3535 1673 3586 caseo
1701 3524 1948 3616 assumserat,
1974 3515 2016 3597 in

83 3660 89 3682 ’
199 3638 417 3714 ¹ventricula
436 3633 646 3715 exhibebat
672 3632 874 3712 drachmas
902 3631 1100 3710 duodecim
1126 3650 1213 3709 cum
1240 3630 1395 3708 dimidia
1420 3629 1545 3735 chymi
1570 3634 1756 3735 glutinosi
1782 3664 1829 3714 ac
1845 3641 2019 3722 viscidis-
2136 3700 2140 3710 ι
2251 3625 2255 3633 “
2395 3603 2401 3614 .

199 3766 305 3857 simi,
334 3765 399 3865 qui
425 3769 531 3836 tactu
557 3759 626 3837 hia
651 3755 826 3837 mittebat
851 3756 1010 3835 clastice
1035 3756 1257 3833 resilientis.
1311 3757 1411 3832 Huic
1442 3759 1607 3835 immista
1638 3764 1764 3861 reperi
1796 3767 1873 3840 tria
1897 3788 2019 3877 parva
2085 3812 2088 3817 -

199 3884 365 3965 irnstsrla
374 3885 473 3961 drus
482 3887 522 3959 et
537 3884 830 3987 cartilaginosa,
856 3906 909 3960 ex
934 3876 1108 3959 musculo
1136 3877 1376 3957 obturatoric
1394 3889 1605 3958 ostrearum
1621 3890 1875 3986 remanentia,
1898 3898 2018 3999 aulus
2060 3984 2063 3989 ι

196 4013 358 4119 junctim
390 4010 545 4085 nonnisi
577 4004 844 4109 scrupulorum
885 4011 1052 4112 quinque
1090 4005 1244 4111 pondua
1275 3999 1467 4082 habentia.
1528 4008 1666 4085 (imnis
1703 4012 1823 4111 igitur
1859 4013 2017 4120 chymns
2100 3994 2102 3999 ,

200 4133 389 4239 cibusque
420 4132 634 4235 indigestus
666 4137 706 4210 in
739 4131 854 4239 hujus
887 4135 994 4209 canis
1025 4130 1236 4209 ventriculo
1263 4125 1430 4207 hebebat
1454 4129 1607 4236 pondus
1634 4130 1897 4215 drachmarum
1925 4167 2018 4246 qne.

202 4257 414 4338 tuordaeim
442 4283 527 4334 cnm
556 4254 737 4357 scrupula
764 4282 856 4333 uno.
1998 4242 2003 4249 ’

336 4385 460 4485 igitar
476 4385 583 4459 canis
599 4385 713 4484 niger
730 4405 780 4459 ex
798 4387 887 4457 octe
905 4388 1120 4458 ostrearum
1137 4405 1309 4479 numere,
1329 4404 1531 4485 qnemnna
1546 4406 1633 4459 cum
1644 4405 1764 4462 caseo
1781 4411 1854 4489 pro
1872 4384 2018 4491 pabule

204 4515 426 4612 acceperat,
463 4505 595 4583 eodem
612 4510 797 4609 temperis
819 4509 944 4608 spatio
964 4508 1078 4583 trium
1094 4505 1287 4602 horarum,
1311 4504 1512 4582 drachmas
1533 4503 1630 4582 duas
1653 4534 1740 4584 cum
1756 4512 1890 4615 granis
1911 4517 2019 4618 qnin-

206 4637 327 4714 decim
338 4629 426 4736 plns
437 4630 654 4735 digesserat
670 4656 784 4735 qnam
801 4630 879 4729 ille,
894 4633 960 4736 qni
975 4648 1101 4708 meras
1115 4630 1272 4708 tetidem
1290 4638 1439 4707 ostreas
1450 4654 1534 4706 cum
1546 4630 1748 4737 sclopano
1765 4647 2005 4716 sumserat.

338 4756 496 4836 Accedit
532 4753 637 4863 quod
673 4750 831 4860 chymus
867 4759 975 4833 canis
1011 4774 1098 4833 cum
1125 4778 1241 4833 casea
1279 4765 1318 4832 et
1354 4761 1494 4834 astrue
1520 4760 1620 4859 pesti
1645 4761 1771 4862 magis
1801 4744 2019 4902 beescelrtt,

207 4910 322 4992 quam
348 4881 451 4988 ejus,
490 4886 556 4988 qni
582 4898 708 4959 mene
735 4889 887 4960 astreas
913 4890 1127 4986 acceperat.
1152 4881 1264 4982 (ride
1289 4884 1616 4985 Experimentum
1631 4886 1699 4963 39·
1726 4888 1764 4960 9.
1797 4885 1951 4989 ro.)

1569 5133 1594 5208 5
