4830 6188
69 678 100 705 ,·
225 673 311 729 rem
330 644 633 725 urtsralium'et·
648 640 932 747 physiologiae
948 638 1197 741 cognitione?
1250 630 1388 745 liujus¹
1404 642 1503 717 enlm
1533 624 1653 743 ephra
1680 638 1722 721 et
1748 638 1892 724 auxillo
1921 652 2044 753 ipsius

226 775 434 853 medicinae
455 775 544 847 usui
566 771 607 845 et
627 763 770 844 tinibus
795 786 912 866 saepe
935 770 1061 867 magis
1083 763 1319 865 respondere
1342 778 1453 867 qnam
1478 791 1548 867 per
1563 766 1747 845 medicam
1764 775 1884 848 artem
1900 766 2043 879 potest,

227 904 326 978 slent
359 904 398 975 in
431 894 648 974 avertendis
683 887 905 966 morborum
945 889 1241 991 epidcmlcorum
1264 888 1333 966 vel
1362 915 1413 966 ex
1439 917 1587 966 veneno
1615 894 1876 993 proiectorum
1904 905 2043 977 causis.

226 1026 318 1128 lpas
339 1022 487 1099 medica
501 1017 664 1096 consilia
680 1019 719 1091 et
734 1011 895 1091 arbitria
916 1019 1138 1137 saepissime
1156 1015 1204 1091 ed
1227 1014 1342 1111 banc,
1371 1037 1469 1117 quae
1490 1018 1530 1090 ιιι
1550 1014 1737 1095 medicina
1758 1019 1913 1165 publice
1937 1022 2044 1102 latis·

229 1155 322 1226 sime
357 1150 477 1251 patet,
495 1140 796 1250 physiologicam
819 1143 967 1242 partem
991 1138 1199 1217 medicinae
1224 1141 1412 1241 spectant

362 1277 523 1350 Veteres
544 1290 635 1342 vero
659 1264 794 1341 medici
817 1262 1014 1340 adversm
1038 1262 1319 1369 physiologiam
1338 1268 1536 1367 pervenire
1554 1292 1632 1341 non
1649 1269 1875 1369 potnerunt,
1905 1231 2044 1378 quippe

229 1403 294 1508 qui
323 1386 571 1476 essentialem·
592 1392 694 1466 iuter
722 1393 983 1492 organismum
1012 1393 1051 1466 et
1078 1386 1258 1465 mundum
1287 1388 1539 1467 differentiam
1573 1416 1651 1467 non
1686 1400 1941 1496 cognossent,
1975 1397 2057 1499 sed¹
2160 1487 2162 1491 ¹

228 1526 330 1599 ritae
358 1523 533 1621 corperis
560 1516 715 1593 hnmani
742 1514 1020 1592 elementorum
1051 1517 1090 1592 et
1121 1514 1344 1619 qualitatum
1371 1512 1638 1592 universalium
1665 1523 1854 1621 principia
1885 1519 2055 1601 subesse·

231 1647 445 1740 crederent,
473 1646 597 1746 usque
619 1640 658 1716 id
681 1644 720 1715 iu
744 1644 907 1717 sanitate
930 1641 1095 1732 tantum,
1124 1638 1194 1715 sed
1225 1643 1337 1716 etiam
1363 1645 1404 1753 Ιιιι
1432 1638 1591 1716 morbis.
1644 1642 1789 1718 Eorum
1824 1647 1945 1746 igitur
1978 1645 2046 1723 do·
2190 1674 2201 1708 ι
2324 1632 2331 1641 ’

230 1775 351 1846 chiara
368 1771 543 1844 sanitatis
567 1769 607 1842 et
628 1760 849 1842 morborum
872 1790 950 1839 ιιιιι
971 1765 1178 1868 eademque
1201 1768 1285 1845 eret
1305 1728 1578 1842 elementorum
1600 1769 1640 1841 et
1661 1765 1901 1870 qualitatum,
1927 1774 1968 1846 in
1985 1796 2046 1848 sa·

228 1897 348 1971 nitate
371 1886 703 1985 cobcordantinm,
730 1895 769 1966 in
791 1886 938 1966 morbis
963 1882 1272 2000 discrepantium.
1326 1878 1432 1966 llaec
1454 1917 1546 1966 vero
1572 1917 1657 1966 cum
1680 1915 1807 1987 reram
1829 1891 1960 1996 morbi
1971 1900 2045 1972 oti·

228 2023 357 2121 gtnem
389 2044 468 2094 non
497 2017 722 2118 attingeret,
760 2015 983 2092 medicinam
1007 2018 1047 2089 ιιι
1069 2014 1130 2088 his
1152 2017 1357 2114 praecipue
1373 2011 1524 2090 morbis
1548 2015 1720 2089 truncam
1739 2015 1905 2094 reddidit
1922 2022 1962 2095 et
1982 2019 2047 2097 de·

191 2170 196 2177 ·
227 2140 407 2239 bilem,
394 2168 434 2218 ιιι
463 2137 602 2246 quibus
629 2142 789 2215 naturae
818 2144 919 2213 vires
951 2136 1214 2213 medicatrices
1250 2137 1459 2217 exhaustae
1494 2137 1720 2216 rationalem
1747 2138 1923 2218 medendi
1950 2148 2046 2275 vlam

229 2272 464 2390 exposcunt,
493 2263 596 2370 qnod
618 2269 657 2339 ιιι
681 2262 814 2364 longis
837 2257 983 2338 morbis
1007 2265 1230 2363 saepissime
1253 2262 1403 2338 accidit.

362 2395 510 2468 llornm
533 2386 754 2465 morborum
777 2386 989 2463 doctrinam
1011 2389 1055 2463 ut
1070 2414 1141 2487 per
1157 2388 1332 2463 sanitatis
1347 2390 1538 2490 principia
1547 2387 1745 2485 fundaret,
1763 2393 1955 2467 recentior
1970 2419 2048 2471 me-

231 2517 356 2594 dicina
382 2521 544 2619 egregie
574 2540 730 2616 operam
760 2512 881 2610 dedit,
923 2512 1099 2615 proiecte
1126 2540 1151 2587 ι
1176 2538 1267 2589 ιιιι
1293 2515 1502 2616 organismi
1530 2512 1688 2591 notione
1710 2520 1750 2591 in
1775 2541 1822 2591 eo
1843 2521 2047 2621 praecipue

230 2646 425 2738 versante,
455 2639 559 2745 quod
583 2643 795 2840 οιὟιΙιιιιι
817 2641 990 2714 actiones
1019 2640 1327 2739 anteuer'geticae
1349 2643 1445 2714 imas
1467 2637 1617 2719 radices
1637 2665 1688 2714 ex
1712 2643 1799 2741 ipso
1823 2647 2047 2743 organismo
2077 2688 2082 2699 ·
2144 2702 2152 2721 ,

231 2764 393 2863 ducunt,
421 2793 493 2842 nec
516 2764 662 2842 elemen
684 2789 793 2839 orum
817 2758 1007 2840 habentur
1029 2762 1246 2867 qualitates.
1300 2763 1442 2839 Verum
1463 2761 1581 2868 jactis
1605 2760 1861 2841 fundamentis
1891 2792 1969 2843 nou
1991 2771 2049 2845 ιι·

111 2958 116 2964 .
230 2916 317 2967 men
337 2895 441 2968 totae
457 2888 572 2967 aedes
595 2891 816 2967 exstructae
833 2891 935 2984 sunt,
963 2887 1197 2994 nequedum
1213 2886 1369 2965 ultimus
1391 2887 1480 2967 linis
1500 2890 1636 2964 nostra
1661 2889 1785 2965 aetate
1811 2894 2048 2991 impetratus,

232 3015 359 3094 sad
323 3043 385 3092 ιιι
406 3019 541 3119 aperte
563 3017 602 3090 et
621 3015 777 3089 munita.

123 3124 130 3131 ’
364 3143 550 3218 Protinus
573 3165 620 3215 eo
641 3139 833 3239 inceptum
857 3140 919 3214 est
942 3136 1044 3242 qnod
1068 3141 1236 3214 veterum
1259 3137 1448 3215 elementa
1470 3140 1509 3215 et
1532 3119 1766 3244 qualitates
1755 3163 1794 3212 ιιι
1818 3136 1893 3215 duo
1917 3136 2050 3217 distin·

231 3269 443 3369 gererentur
472 3264 622 3340 diversa
644 3267 848 3365 principia·
888 3289 1004 3339 unum
1022 3262 1228 3338 cbemieum
1244 3266 1407 3339 actionis
1423 3265 1674 3339 macrocosmi
1694 3288 1865 3361 eausam,
1889 3262 2065 3343 alterum·

149 3420 151 3425 ⁴
183 3387 188 3394 ’
232 3389 346 3469 vitale
362 3414 568 3492 corporum
585 3391 855 3490 organicorum
871 3391 972 3464 vires
989 3390 1296 3491 antenergeticas
1315 3368 1528 3464 continens.
1584 3390 1628 3464 lu
1651 3389 1850 3491 utriusque
1873 3393 2050 3493 principii

234 3520 274 3591 et
296 3517 463 3617 separati
487 3510 536 3590 ab
559 3512 701 3608 altero,
731 3516 770 3589 ιι
793 3509 991 3589 amborum
1020 3516 1173 3589 mutuae
1194 3515 1357 3589 rationis
1383 3515 1680 3615 investigatione
1696 3511 1903 3590 medicinae
1918 3540 2051 3592 recen·

233 3642 346 3714 tioris
367 3637 485 3715 cardo
507 3641 692 3715 versatur.
747 3635 911 3715 Morbus
940 3664 990 3713 ex
1018 3640 1148 3714 mutua
1176 3641 1386 3741 organismi
1415 3642 1455 3714 ιι
1481 3637 1612 3714 mnndi
1641 3634 1885 3715 conflictione
1915 3640 2048 3716 oritur.

234 3760 294 3838 Ad
326 3761 423 3839 banc
452 3767 574 3865 igitur
599 3760 699 3840 bene
732 3760 1019 3865 intelligendam
1048 3768 1237 3864 cognosci
1270 3789 1429 3839 neeesse
1459 3766 1535 3859 est,
1575 3766 1699 3864 primo
1739 3759 1982 3838 cbemismum
2011 3765 2052 3841 et

236 3885 387 3992 quidem
411 3912 528 3962 sensu
550 3886 696 3982 latiori,
727 3884 863 3964 deinde
887 3891 1166 3988 organismnm,
1194 3892 1392 3992 postremo
1414 3888 1614 3987 utriusque
1636 3889 1787 3963 mutuas
1811 3888 1995 3965 actiones.

373 4009 494 4102 Quod
505 4035 597 4085 vero
611 4015 748 4087 attinet
766 4011 814 4088 ad
833 4009 1040 4088 medicinae
1058 4011 1195 4113 tinem,
1206 4010 1445 4088 observanda
1464 4008 1540 4086 dno
1559 4002 1810 4105 incommoda,
1830 4018 2049 4090 necessario
2098 4045 2101 4053 ·

238 4132 387 4241 quidem
417 4138 519 4229 orta,
554 4132 622 4212 sed
656 4139 766 4211 caute
793 4135 984 4212 vitanda
974 4164 1012 4212 ιιι
1040 4135 1248 4213 medicinae
1275 4163 1360 4213 usu.
1429 4137 1527 4211 Nam
1555 4138 1827 4236 cumprimum
1855 4134 2049 4214 cbemismi

84 4337 91 4342 ,
238 4263 277 4336 ιι
304 4262 514 4359 organismi
541 4258 716 4336 diversae
743 4257 853 4362 leges
881 4260 1097 4337 intellectae
1124 4265 1272 4359 essent,
1305 4263 1466 4364 uterque
1498 4262 1679 4362 proprios
1700 4256 1956 4361 professores
1987 4282 2049 4338 ec·

238 4386 355 4485 cepit,
394 4388 459 4486 qni
489 4386 688 4489 utramque
721 4383 976 4487 disciplinam,
1016 4385 1297 4491 physiologiam
1331 4384 1417 4462 dico
1450 4389 1489 4462 ιι
1521 4384 1718 4480 chemlam,
1759 4400 1829 4486 per
1862 4408 1904 4460 se
1933 4406 2048 4462 exeo·

238 4506 393 4585 luerunt
418 4505 525 4584 nulla
550 4509 759 4586 medicinae
785 4506 916 4587 hahita
941 4490 1103 4589 ratione.
1159 4514 1307 4587 Contra
1336 4536 1429 4587 raro
1462 4506 1595 4585 medici
1627 4512 1862 4586 recentiores
1895 4504 2049 4585 morbo·

237 4654 321 4709 rum
355 4635 572 4708 curatlones
603 4632 867 4711 tantummodo
900 4639 1187 4738 quaesiverunt,
1223 4663 1295 4712 nec
1330 4633 1465 4711 berum
1503 4638 1692 4737 principia
1722 4660 1772 4710 ex
1805 4631 2049 4736 physiologia

240 4777 391 4858 semper
423 4757 653 4834 derivarunt.
707 4761 766 4835 lte
797 4759 939 4837 tectum
972 4764 1050 4857 est,
1083 4762 1128 4836 ut
1158 4762 1333 4864 integrae
1365 4756 1573 4836 medicinae
1603 4763 1735 4861 partes
1766 4756 1879 4859 plane
1911 4750 2048 4835 iares

240 4885 468 4958 seinvicem
495 4882 670 4960 diductae
704 4887 793 4960 sint.
855 4885 974 4978 Quod
1001 4885 1156 4992 ‘quidem
1189 4884 1291 4989 apud
1322 4889 1472 4962 veteres
1504 4883 1589 4960 lieri
1621 4911 1701 4960 non
1731 4881 1874 4984 potuit,
1906 4885 2047 4986 quippe

240 5009 307 5112 qul
339 5003 409 5081 has
441 5006 651 5086 modiolum
680 5010 813 5110 partes
839 5008 997 5115 junctas
1031 5010 1143 5090 simul
1177 5009 1356 5090 excolere
1388 5011 1630 5088 comentur.
1686 5003 1769 5084 Sed
1800 5030 1886 5080 enm
1920 5004 2047 5108 perie-

968 5128 973 5145 .
1570 5131 1623 5208 ¹,
