<?xml version="1.0" encoding="UTF-8"?>
<!DOCTYPE html PUBLIC "-//W3C//DTD XHTML 1.0 Transitional//EN"
    "http://www.w3.org/TR/xhtml1/DTD/xhtml1-transitional.dtd">
<html xmlns="http://www.w3.org/1999/xhtml" xml:lang="en" lang="en">
 <head>
  <title>
</title>
<meta http-equiv="Content-Type" content="text/html;charset=utf-8" />
  <meta name='ocr-system' content='tesseract 3.04.00' />
  <meta name='ocr-capabilities' content='ocr_page ocr_carea ocr_par ocr_line ocrx_word'/>
</head>
<body>
  <div class='ocr_page' id='page_1' title='image "./dealimentorumco00schgoog_0018.png"; bbox 0 0 4830 6188; ppageno 0'>
   <div class='ocr_carea' id='block_1_1' title="bbox 213 460 2062 880">
    <p class='ocr_par' dir='ltr' id='par_1_1' title="bbox 213 460 2062 884">
     <span class='ocr_line' id='line_1_1' title="bbox 1109 460 1162 551; baseline 0 -28"><span class='ocrx_word' id='word_1_1' title='bbox 1109 460 1162 551; x_wconf 81' lang='grc'><strong>5.</strong></span> 
     </span>
     <span class='ocr_line' id='line_1_2' title="bbox 213 636 2051 771; baseline -0.005 -35"><span class='ocrx_word' id='word_1_2' title='bbox 213 658 307 736; x_wconf 71' lang='lat' dir='ltr'><strong>aaa</strong></span> <span class='ocrx_word' id='word_1_3' title='bbox 330 652 525 733; x_wconf 75' lang='lat' dir='ltr'><strong>diversum</strong></span> <span class='ocrx_word' id='word_1_4' title='bbox 543 652 812 730; x_wconf 84' lang='lat' dir='ltr'><strong>concitationis</strong></span> <span class='ocrx_word' id='word_1_5' title='bbox 833 652 958 728; x_wconf 85' lang='lat' dir='ltr'><strong>actum</strong></span> <span class='ocrx_word' id='word_1_6' title='bbox 971 655 1254 771; x_wconf 83' lang='lat' dir='ltr'><strong>perspiciente,</strong></span> <span class='ocrx_word' id='word_1_7' title='bbox 1282 636 1861 754; x_wconf 68' lang='grc'><strong>11111111111111111111111111111111</strong></span> <span class='ocrx_word' id='word_1_8' title='bbox 1877 651 2051 754; x_wconf 72' lang='lat' dir='ltr'><strong>penitus.</strong></span> 
     </span>
     <span class='ocr_line' id='line_1_3' title="bbox 213 770 2062 880; baseline -0.004 -20"><span class='ocrx_word' id='word_1_9' title='bbox 213 778 436 861; x_wconf 81' lang='lat' dir='ltr'><strong>morborum</strong></span> <span class='ocrx_word' id='word_1_10' title='bbox 463 770 695 880; x_wconf 69' lang='lat' dir='ltr'><strong>originibus·</strong></span> <span class='ocrx_word' id='word_1_11' title='bbox 754 775 980 878; x_wconf 78' lang='lat' dir='ltr'><strong>mquidem</strong></span> <span class='ocrx_word' id='word_1_12' title='bbox 1005 777 1191 854; x_wconf 78' lang='lat' dir='ltr'><strong>Glisaonii</strong></span> <span class='ocrx_word' id='word_1_13' title='bbox 1219 777 1393 854; x_wconf 90' lang='lat' dir='ltr'><strong>doctrina</strong></span> <span class='ocrx_word' id='word_1_14' title='bbox 1420 777 1468 854; x_wconf 91' lang='lat' dir='ltr'><strong>de</strong></span> <span class='ocrx_word' id='word_1_15' title='bbox 1496 774 1713 854; x_wconf 85' lang='lat' dir='ltr'><strong>substantia</strong></span> <span class='ocrx_word' id='word_1_16' title='bbox 1738 777 1898 854; x_wconf 88' lang='lat' dir='ltr'><strong>naturae</strong></span> <span class='ocrx_word' id='word_1_17' title='bbox 1922 798 2062 863; x_wconf 65' lang='lat' dir='ltr'><strong>enen,</strong></span> 
     </span>
    </p>
   </div>
   <div class='ocr_carea' id='block_1_2' title="bbox 124 894 2030 1130">
    <p class='ocr_par' dir='ltr' id='par_1_2' title="bbox 124 894 2030 1130">
     <span class='ocr_line' id='line_1_4' title="bbox 213 894 2029 1010; baseline -0.003 -28"><span class='ocrx_word' id='word_1_18' title='bbox 213 909 341 1009; x_wconf 90' lang='lat' dir='ltr'><strong>getica</strong></span> <span class='ocrx_word' id='word_1_19' title='bbox 374 906 593 1010; x_wconf 88' lang='lat' dir='ltr'><strong>systematis</strong></span> <span class='ocrx_word' id='word_1_20' title='bbox 615 905 769 980; x_wconf 83' lang='lat' dir='ltr'><strong>nervosi</strong></span> <span class='ocrx_word' id='word_1_21' title='bbox 789 905 975 1002; x_wconf 83' lang='lat' dir='ltr'><strong>imprimis</strong></span> <span class='ocrx_word' id='word_1_22' title='bbox 997 904 1290 979; x_wconf 69' lang='lat' dir='ltr'><strong>concitationem</strong></span> <span class='ocrx_word' id='word_1_23' title='bbox 1312 899 1464 995; x_wconf 65' lang='lat' dir='ltr'><strong>vitalem</strong></span> <span class='ocrx_word' id='word_1_24' title='bbox 1478 912 1556 1001; x_wconf 79' lang='lat' dir='ltr'><strong>&#39;per</strong></span> <span class='ocrx_word' id='word_1_25' title='bbox 1585 929 1628 978; x_wconf 89' lang='lat' dir='ltr'><strong>se</strong></span> <span class='ocrx_word' id='word_1_26' title='bbox 1650 906 1773 1002; x_wconf 90' lang='lat' dir='ltr'><strong>ipsam</strong></span> <span class='ocrx_word' id='word_1_27' title='bbox 1801 905 1841 978; x_wconf 89' lang='lat' dir='ltr'><strong>ct</strong></span> <span class='ocrx_word' id='word_1_28' title='bbox 1869 928 1939 1003; x_wconf 89' lang='lat' dir='ltr'><strong>per</strong></span> <span class='ocrx_word' id='word_1_29' title='bbox 1963 894 2029 977; x_wconf 71' lang='lat' dir='ltr'><strong>e&#39;x·</strong></span> 
     </span>
     <span class='ocr_line' id='line_1_5' title="bbox 124 1024 2030 1130; baseline -0.003 -22"><span class='ocrx_word' id='word_1_30' title='bbox 124 1118 130 1124; x_wconf 46' lang='grc'><strong>,</strong></span> <span class='ocrx_word' id='word_1_31' title='bbox 213 1033 324 1108; x_wconf 82' lang='lat' dir='ltr'><strong>terna</strong></span> <span class='ocrx_word' id='word_1_32' title='bbox 355 1029 575 1124; x_wconf 87' lang='lat' dir='ltr'><strong>illustravit,</strong></span> <span class='ocrx_word' id='word_1_33' title='bbox 621 1053 734 1130; x_wconf 92' lang='lat' dir='ltr'><strong>quae,</strong></span> <span class='ocrx_word' id='word_1_34' title='bbox 785 1029 955 1128; x_wconf 86' lang='lat' dir='ltr'><strong>quamvis</strong></span> <span class='ocrx_word' id='word_1_35' title='bbox 999 1027 1160 1128; x_wconf 92' lang='lat' dir='ltr'><strong>propter</strong></span> <span class='ocrx_word' id='word_1_36' title='bbox 1197 1025 1343 1101; x_wconf 79' lang='lat' dir='ltr'><strong>formae</strong></span> <span class='ocrx_word' id='word_1_37' title='bbox 1383 1029 1646 1127; x_wconf 79' lang='lat' dir='ltr'><strong>sermonisque</strong></span> <span class='ocrx_word' id='word_1_38' title='bbox 1682 1024 1943 1103; x_wconf 81' lang='lat' dir='ltr'><strong>difficultatem</strong></span> <span class='ocrx_word' id='word_1_39' title='bbox 1983 1050 2030 1103; x_wconf 80' lang='lat' dir='ltr'><strong>aa</strong></span> 
     </span>
    </p>
   </div>
   <div class='ocr_carea' id='block_1_3' title="bbox 80 1147 2028 1254">
    <p class='ocr_par' dir='ltr' id='par_1_3' title="bbox 80 1147 2028 1254">
     <span class='ocr_line' id='line_1_6' title="bbox 80 1147 2028 1254; baseline -0.004 -20"><span class='ocrx_word' id='word_1_40' title='bbox 80 1206 87 1215; x_wconf 92' lang='lat'><strong>·</strong></span> <span class='ocrx_word' id='word_1_41' title='bbox 211 1156 350 1233; x_wconf 92' lang='lat' dir='ltr'><strong>molem</strong></span> <span class='ocrx_word' id='word_1_42' title='bbox 373 1183 397 1232; x_wconf 89' lang='lat' dir='ltr'><strong>a</strong></span> <span class='ocrx_word' id='word_1_43' title='bbox 419 1154 550 1232; x_wconf 88' lang='lat' dir='ltr'><strong>multis</strong></span> <span class='ocrx_word' id='word_1_44' title='bbox 570 1149 684 1254; x_wconf 91' lang='lat' dir='ltr'><strong>plane</strong></span> <span class='ocrx_word' id='word_1_45' title='bbox 706 1148 901 1252; x_wconf 89' lang='lat' dir='ltr'><strong>neglecta,</strong></span> <span class='ocrx_word' id='word_1_46' title='bbox 928 1150 1013 1227; x_wconf 89' lang='lat' dir='ltr'><strong>sola</strong></span> <span class='ocrx_word' id='word_1_47' title='bbox 1033 1154 1159 1227; x_wconf 88' lang='lat' dir='ltr'><strong>tamen</strong></span> <span class='ocrx_word' id='word_1_48' title='bbox 1182 1147 1394 1225; x_wconf 87' lang='lat' dir='ltr'><strong>Robertum</strong></span> <span class='ocrx_word' id='word_1_49' title='bbox 1418 1149 1654 1254; x_wconf 82' lang='lat' dir='ltr'><strong>Whyttium,</strong></span> <span class='ocrx_word' id='word_1_50' title='bbox 1677 1149 1891 1226; x_wconf 77' lang='lat' dir='ltr'><strong>Gallonium</strong></span> <span class='ocrx_word' id='word_1_51' title='bbox 1913 1149 2028 1226; x_wconf 80' lang='lat' dir='ltr'><strong>alios·</strong></span> 
     </span>
    </p>
   </div>
   <div class='ocr_carea' id='block_1_4' title="bbox 120 1262 2131 3123">
    <p class='ocr_par' dir='ltr' id='par_1_4' title="bbox 120 1262 2131 2372">
     <span class='ocr_line' id='line_1_7' title="bbox 212 1262 2026 1385; baseline -0.004 -27"><span class='ocrx_word' id='word_1_52' title='bbox 212 1308 286 1385; x_wconf 91' lang='lat' dir='ltr'><strong>que</strong></span> <span class='ocrx_word' id='word_1_53' title='bbox 310 1266 422 1358; x_wconf 86' lang='lat' dir='ltr'><strong>duxit</strong></span> <span class='ocrx_word' id='word_1_54' title='bbox 443 1277 490 1355; x_wconf 91' lang='lat' dir='ltr'><strong>ad</strong></span> <span class='ocrx_word' id='word_1_55' title='bbox 515 1274 748 1353; x_wconf 88' lang='lat' dir='ltr'><strong>emendatam</strong></span> <span class='ocrx_word' id='word_1_56' title='bbox 771 1278 810 1352; x_wconf 89' lang='lat' dir='ltr'><strong>et</strong></span> <span class='ocrx_word' id='word_1_57' title='bbox 831 1301 1051 1376; x_wconf 74' lang='lat' dir='ltr'><strong>germanam</strong></span> <span class='ocrx_word' id='word_1_58' title='bbox 1069 1302 1271 1351; x_wconf 86' lang='lat' dir='ltr'><strong>nervorum</strong></span> <span class='ocrx_word' id='word_1_59' title='bbox 1286 1262 1332 1350; x_wconf 86' lang='lat' dir='ltr'><strong>ac</strong></span> <span class='ocrx_word' id='word_1_60' title='bbox 1349 1270 1498 1350; x_wconf 84' lang='lat' dir='ltr'><strong>cerebri</strong></span> <span class='ocrx_word' id='word_1_61' title='bbox 1515 1271 1736 1350; x_wconf 89' lang='lat' dir='ltr'><strong>morborum</strong></span> <span class='ocrx_word' id='word_1_62' title='bbox 1754 1278 2026 1376; x_wconf 88' lang='lat' dir='ltr'><strong>cognitionem,</strong></span> 
     </span>
     <span class='ocr_line' id='line_1_8' title="bbox 211 1397 2028 1506; baseline -0.006 -23"><span class='ocrx_word' id='word_1_63' title='bbox 211 1405 317 1484; x_wconf 88' lang='lat' dir='ltr'><strong>etad</strong></span> <span class='ocrx_word' id='word_1_64' title='bbox 336 1409 532 1506; x_wconf 86' lang='lat' dir='ltr'><strong>copiosum</strong></span> <span class='ocrx_word' id='word_1_65' title='bbox 546 1397 833 1504; x_wconf 85' lang='lat' dir='ltr'><strong>uberimumquc</strong></span> <span class='ocrx_word' id='word_1_66' title='bbox 855 1398 950 1475; x_wconf 92' lang='lat' dir='ltr'><strong>illud</strong></span> <span class='ocrx_word' id='word_1_67' title='bbox 973 1398 1139 1475; x_wconf 85' lang='lat' dir='ltr'><strong>studium</strong></span> <span class='ocrx_word' id='word_1_68' title='bbox 1168 1402 1358 1476; x_wconf 89' lang='lat' dir='ltr'><strong>actionum</strong></span> <span class='ocrx_word' id='word_1_69' title='bbox 1387 1403 1705 1477; x_wconf 82' lang='lat' dir='ltr'><strong>consentientium</strong></span> <span class='ocrx_word' id='word_1_70' title='bbox 1731 1398 1791 1476; x_wconf 86' lang='lat' dir='ltr'><strong>rel</strong></span> <span class='ocrx_word' id='word_1_71' title='bbox 1821 1397 2028 1504; x_wconf 59' lang='lat' dir='ltr'><strong>sympathi</strong></span> 
     </span>
     <span class='ocr_line' id='line_1_9' title="bbox 212 1520 2026 1629; baseline -0.004 -22"><span class='ocrx_word' id='word_1_72' title='bbox 212 1556 354 1607; x_wconf 90' lang='lat' dir='ltr'><strong>carum.</strong></span> <span class='ocrx_word' id='word_1_73' title='bbox 393 1524 540 1602; x_wconf 87' lang='lat' dir='ltr'><strong>llalleri</strong></span> <span class='ocrx_word' id='word_1_74' title='bbox 553 1550 704 1629; x_wconf 91' lang='lat' dir='ltr'><strong>qnoque</strong></span> <span class='ocrx_word' id='word_1_75' title='bbox 720 1523 944 1600; x_wconf 91' lang='lat' dir='ltr'><strong>immortalis</strong></span> <span class='ocrx_word' id='word_1_76' title='bbox 963 1522 1138 1601; x_wconf 87' lang='lat' dir='ltr'><strong>doctrina</strong></span> <span class='ocrx_word' id='word_1_77' title='bbox 1154 1523 1201 1600; x_wconf 90' lang='lat' dir='ltr'><strong>de</strong></span> <span class='ocrx_word' id='word_1_78' title='bbox 1218 1520 1473 1601; x_wconf 86' lang='lat' dir='ltr'><strong>irritabilitate</strong></span> <span class='ocrx_word' id='word_1_79' title='bbox 1488 1524 1746 1613; x_wconf 86' lang='lat' dir='ltr'><strong>musculorum</strong></span> <span class='ocrx_word' id='word_1_80' title='bbox 1764 1523 1899 1600; x_wconf 90' lang='lat' dir='ltr'><strong>eodem</strong></span> <span class='ocrx_word' id='word_1_81' title='bbox 1910 1522 2026 1599; x_wconf 92' lang='lat' dir='ltr'><strong>modo</strong></span> 
     </span>
     <span class='ocr_line' id='line_1_10' title="bbox 212 1647 2057 1752; baseline -0.005 -21"><span class='ocrx_word' id='word_1_82' title='bbox 212 1681 262 1731; x_wconf 88' lang='lat' dir='ltr'><strong>ex</strong></span> <span class='ocrx_word' id='word_1_83' title='bbox 285 1653 468 1729; x_wconf 74' lang='lat' dir='ltr'><strong>(ilissonii</strong></span> <span class='ocrx_word' id='word_1_84' title='bbox 491 1652 707 1751; x_wconf 85' lang='lat' dir='ltr'><strong>praeceptis</strong></span> <span class='ocrx_word' id='word_1_85' title='bbox 731 1652 918 1751; x_wconf 83' lang='lat' dir='ltr'><strong>originem</strong></span> <span class='ocrx_word' id='word_1_86' title='bbox 944 1647 1064 1725; x_wconf 75' lang='lat' dir='ltr'><strong>drmit.</strong></span> <span class='ocrx_word' id='word_1_87' title='bbox 1122 1648 1327 1752; x_wconf 73' lang='lat' dir='ltr'><strong>Quumque</strong></span> <span class='ocrx_word' id='word_1_88' title='bbox 1350 1676 1396 1725; x_wconf 88' lang='lat' dir='ltr'><strong>ea</strong></span> <span class='ocrx_word' id='word_1_89' title='bbox 1416 1649 1466 1725; x_wconf 92' lang='lat' dir='ltr'><strong>ad</strong></span> <span class='ocrx_word' id='word_1_90' title='bbox 1489 1653 1634 1725; x_wconf 89' lang='lat' dir='ltr'><strong>certum</strong></span> <span class='ocrx_word' id='word_1_91' title='bbox 1664 1649 1913 1751; x_wconf 79' lang='lat' dir='ltr'><strong>perfectionis</strong></span> <span class='ocrx_word' id='word_1_92' title='bbox 1935 1672 2026 1748; x_wconf 83' lang='lat' dir='ltr'><strong>gra·</strong></span> <span class='ocrx_word' id='word_1_93' title='bbox 2054 1742 2057 1748; x_wconf 21' lang='grc' dir='ltr'>Ι</span> 
     </span>
     <span class='ocr_line' id='line_1_11' title="bbox 212 1771 2024 1878; baseline -0.003 -25"><span class='ocrx_word' id='word_1_94' title='bbox 212 1777 297 1853; x_wconf 90' lang='lat' dir='ltr'><strong>dum</strong></span> <span class='ocrx_word' id='word_1_95' title='bbox 320 1773 509 1878; x_wconf 86' lang='lat' dir='ltr'><strong>producta</strong></span> <span class='ocrx_word' id='word_1_96' title='bbox 533 1775 691 1870; x_wconf 71' lang='lat' dir='ltr'><strong>essent,</strong></span> <span class='ocrx_word' id='word_1_97' title='bbox 710 1771 793 1849; x_wconf 83' lang='lat' dir='ltr'><strong>fieri</strong></span> <span class='ocrx_word' id='word_1_98' title='bbox 817 1775 961 1873; x_wconf 87' lang='lat' dir='ltr'><strong>potuit,</strong></span> <span class='ocrx_word' id='word_1_99' title='bbox 983 1776 1029 1849; x_wconf 91' lang='lat' dir='ltr'><strong>ut</strong></span> <span class='ocrx_word' id='word_1_100' title='bbox 1050 1801 1120 1875; x_wconf 87' lang='lat' dir='ltr'><strong>per</strong></span> <span class='ocrx_word' id='word_1_101' title='bbox 1143 1774 1375 1851; x_wconf 84' lang='lat' dir='ltr'><strong>Galvanismi</strong></span> <span class='ocrx_word' id='word_1_102' title='bbox 1402 1779 1670 1876; x_wconf 82' lang='lat' dir='ltr'><strong>gravissimum</strong></span> <span class='ocrx_word' id='word_1_103' title='bbox 1697 1775 1889 1849; x_wconf 79' lang='lat' dir='ltr'><strong>inventum</strong></span> <span class='ocrx_word' id='word_1_104' title='bbox 1916 1776 2024 1872; x_wconf 77' lang='lat' dir='ltr'><strong>inge·</strong></span> 
     </span>
     <span class='ocr_line' id='line_1_12' title="bbox 178 1893 2131 2002; baseline 0 -27"><span class='ocrx_word' id='word_1_105' title='bbox 178 1904 321 1976; x_wconf 80' lang='lat' dir='ltr'><strong>&#39;niusa</strong></span> <span class='ocrx_word' id='word_1_106' title='bbox 347 1902 610 2002; x_wconf 85' lang='lat' dir='ltr'><strong>experimenta</strong></span> <span class='ocrx_word' id='word_1_107' title='bbox 635 1896 845 1974; x_wconf 82' lang='lat' dir='ltr'><strong>Alexandri</strong></span> <span class='ocrx_word' id='word_1_108' title='bbox 873 1893 923 1973; x_wconf 91' lang='lat' dir='ltr'><strong>ab</strong></span> <span class='ocrx_word' id='word_1_109' title='bbox 953 1894 1183 1994; x_wconf 87' lang='lat' dir='ltr'><strong>llumboldt,</strong></span> <span class='ocrx_word' id='word_1_110' title='bbox 1223 1925 1294 2000; x_wconf 93' lang='lat' dir='ltr'><strong>per</strong></span> <span class='ocrx_word' id='word_1_111' title='bbox 1321 1895 1454 1975; x_wconf 93' lang='lat' dir='ltr'><strong>orbem</strong></span> <span class='ocrx_word' id='word_1_112' title='bbox 1479 1901 1667 1974; x_wconf 88' lang='lat' dir='ltr'><strong>terrarum</strong></span> <span class='ocrx_word' id='word_1_113' title='bbox 1701 1900 1874 2000; x_wconf 86' lang='lat' dir='ltr'><strong>cognita,</strong></span> <span class='ocrx_word' id='word_1_114' title='bbox 1909 1899 2023 1999; x_wconf 84' lang='lat' dir='ltr'><strong>atque</strong></span> <span class='ocrx_word' id='word_1_115' title='bbox 2127 1916 2131 1923; x_wconf 85' lang='grc'><strong>’</strong></span> 
     </span>
     <span class='ocr_line' id='line_1_13' title="bbox 206 2020 2105 2127; baseline -0.001 -27"><span class='ocrx_word' id='word_1_116' title='bbox 206 2022 336 2101; x_wconf 83' lang='lat' dir='ltr'><strong>Pfat&#39;tii</strong></span> <span class='ocrx_word' id='word_1_117' title='bbox 357 2023 593 2127; x_wconf 88' lang='lat' dir='ltr'><strong>aliorumque</strong></span> <span class='ocrx_word' id='word_1_118' title='bbox 617 2020 800 2124; x_wconf 87' lang='lat' dir='ltr'><strong>operibus</strong></span> <span class='ocrx_word' id='word_1_119' title='bbox 823 2021 986 2123; x_wconf 87' lang='lat' dir='ltr'><strong>palmam</strong></span> <span class='ocrx_word' id='word_1_120' title='bbox 1004 2025 1276 2123; x_wconf 90' lang='lat' dir='ltr'><strong>praeripientia</strong></span> <span class='ocrx_word' id='word_1_121' title='bbox 1298 2023 1600 2099; x_wconf 87' lang='lat' dir='ltr'><strong>instituerentur.</strong></span> <span class='ocrx_word' id='word_1_122' title='bbox 1655 2023 1802 2097; x_wconf 87' lang='lat' dir='ltr'><strong>llorum</strong></span> <span class='ocrx_word' id='word_1_123' title='bbox 1818 2022 2023 2098; x_wconf 87' lang='lat' dir='ltr'><strong>illustrium</strong></span> <span class='ocrx_word' id='word_1_124' title='bbox 2091 2105 2105 2121; x_wconf 36' lang='lat'>⁸</span> 
     </span>
     <span class='ocr_line' id='line_1_14' title="bbox 120 2143 2115 2249; baseline -0.001 -25"><span class='ocrx_word' id='word_1_125' title='bbox 120 2181 126 2189; x_wconf 92' lang='lat'>·</span> <span class='ocrx_word' id='word_1_126' title='bbox 205 2151 374 2224; x_wconf 81' lang='lat' dir='ltr'><strong>virorum</strong></span> <span class='ocrx_word' id='word_1_127' title='bbox 396 2152 567 2244; x_wconf 79' lang='lat' dir='ltr'><strong>inventa,</strong></span> <span class='ocrx_word' id='word_1_128' title='bbox 594 2174 673 2222; x_wconf 93' lang='lat' dir='ltr'><strong>non</strong></span> <span class='ocrx_word' id='word_1_129' title='bbox 703 2152 785 2222; x_wconf 88' lang='lat' dir='ltr'><strong>sine</strong></span> <span class='ocrx_word' id='word_1_130' title='bbox 807 2143 1010 2220; x_wconf 87' lang='lat' dir='ltr'><strong>uberrimis</strong></span> <span class='ocrx_word' id='word_1_131' title='bbox 1034 2143 1223 2222; x_wconf 81' lang='lat' dir='ltr'><strong>fructibus</strong></span> <span class='ocrx_word' id='word_1_132' title='bbox 1244 2173 1316 2249; x_wconf 92' lang='lat' dir='ltr'><strong>per</strong></span> <span class='ocrx_word' id='word_1_133' title='bbox 1335 2145 1551 2224; x_wconf 84' lang='lat' dir='ltr'><strong>Johanncm</strong></span> <span class='ocrx_word' id='word_1_134' title='bbox 1566 2149 1729 2242; x_wconf 81' lang='lat' dir='ltr'><strong>Brown,</strong></span> <span class='ocrx_word' id='word_1_135' title='bbox 1752 2144 2051 2223; x_wconf 60' lang='lat' dir='ltr'><strong>llurclandium,</strong></span> <span class='ocrx_word' id='word_1_136' title='bbox 2109 2240 2115 2245; x_wconf 26' lang='grc' dir='ltr'>Ι</span> 
     </span>
     <span class='ocr_line' id='line_1_15' title="bbox 204 2251 1498 2372; baseline -0.002 -22"><span class='ocrx_word' id='word_1_137' title='bbox 204 2271 305 2350; x_wconf 88' lang='lat' dir='ltr'><strong>alios</strong></span> <span class='ocrx_word' id='word_1_138' title='bbox 327 2278 367 2348; x_wconf 93' lang='lat' dir='ltr'><strong>in</strong></span> <span class='ocrx_word' id='word_1_139' title='bbox 391 2251 599 2350; x_wconf 84' lang='lat' dir='ltr'><strong>medicinae</strong></span> <span class='ocrx_word' id='word_1_140' title='bbox 621 2297 732 2346; x_wconf 93' lang='lat' dir='ltr'><strong>usum</strong></span> <span class='ocrx_word' id='word_1_141' title='bbox 753 2267 968 2364; x_wconf 86' lang='lat' dir='ltr'><strong>translatis,</strong></span> <span class='ocrx_word' id='word_1_142' title='bbox 991 2297 1016 2346; x_wconf 93' lang='lat' dir='ltr'><strong>a</strong></span> <span class='ocrx_word' id='word_1_143' title='bbox 1036 2270 1192 2348; x_wconf 86' lang='lat' dir='ltr'><strong>medicis</strong></span> <span class='ocrx_word' id='word_1_144' title='bbox 1215 2273 1374 2372; x_wconf 85' lang='lat' dir='ltr'><strong>accepta</strong></span> <span class='ocrx_word' id='word_1_145' title='bbox 1396 2259 1498 2348; x_wconf 86' lang='lat' dir='ltr'><strong>sunt.</strong></span> 
     </span>
    </p>

    <p class='ocr_par' dir='ltr' id='par_1_5' title="bbox 135 2390 2060 3123">
     <span class='ocr_line' id='line_1_16' title="bbox 252 2390 2060 2498; baseline -0.003 -23"><span class='ocrx_word' id='word_1_146' title='bbox 252 2400 256 2406; x_wconf 77' lang='grc'><strong>’</strong></span> <span class='ocrx_word' id='word_1_147' title='bbox 287 2407 292 2414; x_wconf 85' lang='grc'><strong>’</strong></span> <span class='ocrx_word' id='word_1_148' title='bbox 339 2393 400 2475; x_wconf 81' lang='lat' dir='ltr'><strong>Ab</strong></span> <span class='ocrx_word' id='word_1_149' title='bbox 429 2396 489 2474; x_wconf 91' lang='lat' dir='ltr'><strong>his</strong></span> <span class='ocrx_word' id='word_1_150' title='bbox 518 2395 606 2471; x_wconf 88' lang='lat' dir='ltr'><strong>inde</strong></span> <span class='ocrx_word' id='word_1_151' title='bbox 633 2390 873 2495; x_wconf 90' lang='lat' dir='ltr'><strong>temporibus</strong></span> <span class='ocrx_word' id='word_1_152' title='bbox 900 2395 1087 2471; x_wconf 91' lang='lat' dir='ltr'><strong>medicina</strong></span> <span class='ocrx_word' id='word_1_153' title='bbox 1113 2399 1221 2471; x_wconf 84' lang='lat' dir='ltr'><strong>iniis</strong></span> <span class='ocrx_word' id='word_1_154' title='bbox 1249 2393 1425 2496; x_wconf 86' lang='lat' dir='ltr'><strong>partibus</strong></span> <span class='ocrx_word' id='word_1_155' title='bbox 1453 2400 1640 2474; x_wconf 88' lang='lat' dir='ltr'><strong>maximos</strong></span> <span class='ocrx_word' id='word_1_156' title='bbox 1662 2420 1897 2498; x_wconf 89' lang='lat' dir='ltr'><strong>progressus</strong></span> <span class='ocrx_word' id='word_1_157' title='bbox 1915 2393 2020 2490; x_wconf 84' lang='lat' dir='ltr'><strong>fecit,</strong></span> <span class='ocrx_word' id='word_1_158' title='bbox 2056 2482 2060 2488; x_wconf 28' lang='lat'>¹</span> 
     </span>
     <span class='ocr_line' id='line_1_17' title="bbox 135 2517 2020 2629; baseline -0.003 -30"><span class='ocrx_word' id='word_1_159' title='bbox 135 2611 143 2629; x_wconf 68' lang='lat'><strong>,</strong></span> <span class='ocrx_word' id='word_1_160' title='bbox 188 2533 364 2629; x_wconf 79' lang='lat' dir='ltr'><strong>&#39;quarum</strong></span> <span class='ocrx_word' id='word_1_161' title='bbox 397 2523 713 2621; x_wconf 81' lang='lat' dir='ltr'><strong>investigationes</strong></span> <span class='ocrx_word' id='word_1_162' title='bbox 741 2517 986 2624; x_wconf 84' lang='lat' dir='ltr'><strong>physiologia</strong></span> <span class='ocrx_word' id='word_1_163' title='bbox 1013 2518 1199 2624; x_wconf 88' lang='lat' dir='ltr'><strong>adjutrice</strong></span> <span class='ocrx_word' id='word_1_164' title='bbox 1222 2522 1313 2596; x_wconf 89' lang='lat' dir='ltr'><strong>sunt</strong></span> <span class='ocrx_word' id='word_1_165' title='bbox 1338 2523 1546 2597; x_wconf 87' lang='lat' dir='ltr'><strong>institutae.</strong></span> <span class='ocrx_word' id='word_1_166' title='bbox 1586 2525 1760 2621; x_wconf 17' lang='lat' dir='ltr'><strong>*Manui</strong></span> <span class='ocrx_word' id='word_1_167' title='bbox 1792 2523 1913 2623; x_wconf 89' lang='lat' dir='ltr'><strong>igitur</strong></span> <span class='ocrx_word' id='word_1_168' title='bbox 1938 2543 2020 2594; x_wconf 90' lang='lat' dir='ltr'><strong>mo·</strong></span> 
     </span>
     <span class='ocr_line' id='line_1_18' title="bbox 203 2621 2030 2748; baseline -0.002 -25"><span class='ocrx_word' id='word_1_169' title='bbox 203 2649 321 2724; x_wconf 90' lang='lat' dir='ltr'><strong>menti</strong></span> <span class='ocrx_word' id='word_1_170' title='bbox 344 2648 404 2722; x_wconf 87' lang='lat' dir='ltr'><strong>cst</strong></span> <span class='ocrx_word' id='word_1_171' title='bbox 419 2642 719 2748; x_wconf 74' lang='lat' dir='ltr'><strong>physiologiam,</strong></span> <span class='ocrx_word' id='word_1_172' title='bbox 749 2643 956 2721; x_wconf 83' lang='lat' dir='ltr'><strong>medicinae</strong></span> <span class='ocrx_word' id='word_1_173' title='bbox 985 2643 1238 2748; x_wconf 86' lang='lat' dir='ltr'><strong>perficiendae</strong></span> <span class='ocrx_word' id='word_1_174' title='bbox 1267 2672 1401 2743; x_wconf 87' lang='lat' dir='ltr'><strong>causa,</strong></span> <span class='ocrx_word' id='word_1_175' title='bbox 1429 2647 1485 2722; x_wconf 88' lang='lat' dir='ltr'><strong>ita</strong></span> <span class='ocrx_word' id='word_1_176' title='bbox 1507 2645 1685 2723; x_wconf 88' lang='lat' dir='ltr'><strong>excolere</strong></span> <span class='ocrx_word' id='word_1_177' title='bbox 1692 2701 1703 2742; x_wconf 86' lang='lat'><strong>,</strong></span> <span class='ocrx_word' id='word_1_178' title='bbox 1726 2648 1771 2721; x_wconf 91' lang='lat' dir='ltr'><strong>ut</strong></span> <span class='ocrx_word' id='word_1_179' title='bbox 1793 2645 1843 2721; x_wconf 90' lang='lat' dir='ltr'><strong>ad</strong></span> <span class='ocrx_word' id='word_1_180' title='bbox 1864 2621 2030 2721; x_wconf 73' lang='lat' dir='ltr'><strong>morbd·</strong></span> 
     </span>
     <span class='ocr_line' id='line_1_19' title="bbox 203 2768 2049 2873; baseline -0.002 -25"><span class='ocrx_word' id='word_1_181' title='bbox 203 2797 287 2848; x_wconf 92' lang='lat' dir='ltr'><strong>rum</strong></span> <span class='ocrx_word' id='word_1_182' title='bbox 311 2773 483 2870; x_wconf 84' lang='lat' dir='ltr'><strong>origines</strong></span> <span class='ocrx_word' id='word_1_183' title='bbox 505 2794 526 2844; x_wconf 90' lang='lat' dir='ltr'><strong>c</strong></span> <span class='ocrx_word' id='word_1_184' title='bbox 551 2770 713 2844; x_wconf 86' lang='lat' dir='ltr'><strong>sanitate</strong></span> <span class='ocrx_word' id='word_1_185' title='bbox 736 2769 922 2870; x_wconf 86' lang='lat' dir='ltr'><strong>petendas</strong></span> <span class='ocrx_word' id='word_1_186' title='bbox 946 2768 1071 2846; x_wconf 87' lang='lat' dir='ltr'><strong>ducat.</strong></span> <span class='ocrx_word' id='word_1_187' title='bbox 1128 2769 1261 2861; x_wconf 73' lang='lat' dir='ltr'><strong>Quare</strong></span> <span class='ocrx_word' id='word_1_188' title='bbox 1283 2776 1417 2871; x_wconf 89' lang='lat' dir='ltr'><strong>paucis</strong></span> <span class='ocrx_word' id='word_1_189' title='bbox 1438 2775 1630 2873; x_wconf 89' lang='lat' dir='ltr'><strong>inquirere</strong></span> <span class='ocrx_word' id='word_1_190' title='bbox 1652 2797 1724 2873; x_wconf 89' lang='lat' dir='ltr'><strong>par</strong></span> <span class='ocrx_word' id='word_1_191' title='bbox 1738 2772 1836 2863; x_wconf 85' lang='lat' dir='ltr'><strong>erit,</strong></span> <span class='ocrx_word' id='word_1_192' title='bbox 1861 2796 1937 2872; x_wconf 93' lang='lat' dir='ltr'><strong>qua</strong></span> <span class='ocrx_word' id='word_1_193' title='bbox 1958 2770 2019 2844; x_wconf 85' lang='lat' dir='ltr'><strong>via</strong></span> <span class='ocrx_word' id='word_1_194' title='bbox 2048 2861 2049 2864; x_wconf 8' lang='grc' dir='ltr'><strong>Ἴ</strong></span> 
     </span>
     <span class='ocr_line' id='line_1_20' title="bbox 203 2891 2018 2999; baseline -0.003 -25"><span class='ocrx_word' id='word_1_195' title='bbox 203 2899 243 2974; x_wconf 84' lang='lat' dir='ltr'><strong>et</strong></span> <span class='ocrx_word' id='word_1_196' title='bbox 262 2899 412 2972; x_wconf 87' lang='lat' dir='ltr'><strong>ratione</strong></span> <span class='ocrx_word' id='word_1_197' title='bbox 434 2891 474 2968; x_wconf 95' lang='lat' dir='ltr'><strong>id</strong></span> <span class='ocrx_word' id='word_1_198' title='bbox 490 2896 652 2970; x_wconf 83' lang='lat' dir='ltr'><strong>maxime</strong></span> <span class='ocrx_word' id='word_1_199' title='bbox 669 2891 753 2968; x_wconf 86' lang='lat' dir='ltr'><strong>fieri</strong></span> <span class='ocrx_word' id='word_1_200' title='bbox 774 2898 913 2996; x_wconf 86' lang='lat' dir='ltr'><strong>possit.</strong></span> <span class='ocrx_word' id='word_1_201' title='bbox 967 2894 1093 2972; x_wconf 82' lang='lat' dir='ltr'><strong>Facile</strong></span> <span class='ocrx_word' id='word_1_202' title='bbox 1111 2893 1260 2997; x_wconf 81' lang='lat' dir='ltr'><strong>quidem</strong></span> <span class='ocrx_word' id='word_1_203' title='bbox 1278 2895 1523 2997; x_wconf 81' lang='lat' dir='ltr'><strong>intelligitur,</strong></span> <span class='ocrx_word' id='word_1_204' title='bbox 1552 2893 1833 2999; x_wconf 73' lang='lat' dir='ltr'><strong>physiologiam</strong></span> <span class='ocrx_word' id='word_1_205' title='bbox 1850 2892 1899 2970; x_wconf 88' lang='lat' dir='ltr'><strong>ad</strong></span> <span class='ocrx_word' id='word_1_206' title='bbox 1917 2892 2018 2974; x_wconf 88' lang='lat' dir='ltr'><strong>hunc</strong></span> 
     </span>
     <span class='ocr_line' id='line_1_21' title="bbox 202 3015 2016 3123; baseline -0.002 -27"><span class='ocrx_word' id='word_1_207' title='bbox 202 3018 316 3097; x_wconf 86' lang='lat' dir='ltr'><strong>tinem</strong></span> <span class='ocrx_word' id='word_1_208' title='bbox 345 3016 651 3121; x_wconf 87' lang='lat' dir='ltr'><strong>persequendum</strong></span> <span class='ocrx_word' id='word_1_209' title='bbox 680 3024 856 3121; x_wconf 85' lang='lat' dir='ltr'><strong>corporis</strong></span> <span class='ocrx_word' id='word_1_210' title='bbox 883 3019 1035 3097; x_wconf 89' lang='lat' dir='ltr'><strong>humani</strong></span> <span class='ocrx_word' id='word_1_211' title='bbox 1058 3019 1365 3095; x_wconf 84' lang='lat' dir='ltr'><strong>informationem</strong></span> <span class='ocrx_word' id='word_1_212' title='bbox 1395 3047 1481 3096; x_wconf 89' lang='lat' dir='ltr'><strong>esse</strong></span> <span class='ocrx_word' id='word_1_213' title='bbox 1510 3015 1650 3097; x_wconf 87' lang='lat' dir='ltr'><strong>debere</strong></span> <span class='ocrx_word' id='word_1_214' title='bbox 1685 3021 1799 3123; x_wconf 89' lang='lat' dir='ltr'><strong>atque</strong></span> <span class='ocrx_word' id='word_1_215' title='bbox 1823 3021 2016 3119; x_wconf 86' lang='lat' dir='ltr'><strong>integrum</strong></span> 
     </span>
    </p>
   </div>
   <div class='ocr_carea' id='block_1_5' title="bbox 202 3141 2172 3247">
    <p class='ocr_par' dir='ltr' id='par_1_6' title="bbox 202 3141 2172 3247">
     <span class='ocr_line' id='line_1_22' title="bbox 202 3141 2172 3247; baseline -0.003 -26"><span class='ocrx_word' id='word_1_216' title='bbox 202 3142 356 3247; x_wconf 87' lang='lat' dir='ltr'><strong>aliquod</strong></span> <span class='ocrx_word' id='word_1_217' title='bbox 374 3169 534 3242; x_wconf 91' lang='lat' dir='ltr'><strong>corpus,</strong></span> <span class='ocrx_word' id='word_1_218' title='bbox 554 3141 664 3246; x_wconf 87' lang='lat' dir='ltr'><strong>cujus</strong></span> <span class='ocrx_word' id='word_1_219' title='bbox 680 3146 830 3242; x_wconf 86' lang='lat' dir='ltr'><strong>partes,</strong></span> <span class='ocrx_word' id='word_1_220' title='bbox 859 3170 1093 3246; x_wconf 89' lang='lat' dir='ltr'><strong>organorum</strong></span> <span class='ocrx_word' id='word_1_221' title='bbox 1121 3147 1298 3244; x_wconf 88' lang='lat' dir='ltr'><strong>corporis</strong></span> <span class='ocrx_word' id='word_1_222' title='bbox 1327 3144 1487 3239; x_wconf 87' lang='lat' dir='ltr'><strong>similes,</strong></span> <span class='ocrx_word' id='word_1_223' title='bbox 1516 3147 1727 3221; x_wconf 87' lang='lat' dir='ltr'><strong>arctissime</strong></span> <span class='ocrx_word' id='word_1_224' title='bbox 1755 3146 1856 3220; x_wconf 92' lang='lat' dir='ltr'><strong>iuter</strong></span> <span class='ocrx_word' id='word_1_225' title='bbox 1885 3168 1927 3218; x_wconf 87' lang='lat' dir='ltr'><strong>se</strong></span> <span class='ocrx_word' id='word_1_226' title='bbox 1951 3166 2016 3216; x_wconf 92' lang='lat' dir='ltr'><strong>co·</strong></span> <span class='ocrx_word' id='word_1_227' title='bbox 2171 3167 2172 3171; x_wconf 45' lang='lat'>¹</span> 
     </span>
    </p>
   </div>
   <div class='ocr_carea' id='block_1_6' title="bbox 199 3266 2112 3998">
    <p class='ocr_par' dir='ltr' id='par_1_7' title="bbox 199 3266 2112 3866">
     <span class='ocr_line' id='line_1_23' title="bbox 200 3266 2014 3372; baseline -0.001 -28"><span class='ocrx_word' id='word_1_228' title='bbox 200 3266 394 3346; x_wconf 83' lang='lat' dir='ltr'><strong>haereant.</strong></span> <span class='ocrx_word' id='word_1_229' title='bbox 438 3268 598 3365; x_wconf 21' lang='lat' dir='ltr'><strong>*Contra</strong></span> <span class='ocrx_word' id='word_1_230' title='bbox 636 3293 727 3341; x_wconf 87' lang='lat' dir='ltr'><strong>vcro</strong></span> <span class='ocrx_word' id='word_1_231' title='bbox 761 3295 840 3343; x_wconf 90' lang='lat' dir='ltr'><strong>non</strong></span> <span class='ocrx_word' id='word_1_232' title='bbox 873 3266 1144 3371; x_wconf 88' lang='lat' dir='ltr'><strong>negligendum</strong></span> <span class='ocrx_word' id='word_1_233' title='bbox 1181 3270 1257 3363; x_wconf 86' lang='lat' dir='ltr'><strong>est,</strong></span> <span class='ocrx_word' id='word_1_234' title='bbox 1294 3287 1426 3343; x_wconf 86' lang='lat' dir='ltr'><strong>onmes</strong></span> <span class='ocrx_word' id='word_1_235' title='bbox 1459 3274 1637 3370; x_wconf 90' lang='lat' dir='ltr'><strong>proprias</strong></span> <span class='ocrx_word' id='word_1_236' title='bbox 1671 3273 1846 3372; x_wconf 91' lang='lat' dir='ltr'><strong>corporis</strong></span> <span class='ocrx_word' id='word_1_237' title='bbox 1882 3267 2014 3370; x_wconf 83' lang='lat' dir='ltr'><strong>partes</strong></span> 
     </span>
     <span class='ocr_line' id='line_1_24' title="bbox 200 3382 2015 3496; baseline -0.003 -26"><span class='ocrx_word' id='word_1_238' title='bbox 200 3382 405 3496; x_wconf 73' lang='lat' dir='ltr'><strong>earumque</strong></span> <span class='ocrx_word' id='word_1_239' title='bbox 428 3393 598 3466; x_wconf 89' lang='lat' dir='ltr'><strong>actiones</strong></span> <span class='ocrx_word' id='word_1_240' title='bbox 620 3395 927 3492; x_wconf 89' lang='lat' dir='ltr'><strong>autcncrgcticas</strong></span> <span class='ocrx_word' id='word_1_241' title='bbox 959 3395 1111 3494; x_wconf 87' lang='lat' dir='ltr'><strong>penitus</strong></span> <span class='ocrx_word' id='word_1_242' title='bbox 1134 3419 1220 3468; x_wconf 88' lang='lat' dir='ltr'><strong>esse</strong></span> <span class='ocrx_word' id='word_1_243' title='bbox 1242 3390 1633 3492; x_wconf 90' lang='lat' dir='ltr'><strong>comprehendendas,</strong></span> <span class='ocrx_word' id='word_1_244' title='bbox 1656 3422 1705 3472; x_wconf 90' lang='lat' dir='ltr'><strong>nc</strong></span> <span class='ocrx_word' id='word_1_245' title='bbox 1722 3397 1934 3482; x_wconf 85' lang='lat' dir='ltr'><strong>communia</strong></span> <span class='ocrx_word' id='word_1_246' title='bbox 1951 3417 2015 3466; x_wconf 89' lang='lat' dir='ltr'><strong>so·</strong></span> 
     </span>
     <span class='ocr_line' id='line_1_25' title="bbox 200 3504 2112 3621; baseline -0.001 -29"><span class='ocrx_word' id='word_1_247' title='bbox 200 3514 393 3592; x_wconf 92' lang='lat' dir='ltr'><strong>lummodo</strong></span> <span class='ocrx_word' id='word_1_248' title='bbox 426 3519 508 3591; x_wconf 90' lang='lat' dir='ltr'><strong>sine</strong></span> <span class='ocrx_word' id='word_1_249' title='bbox 537 3519 706 3616; x_wconf 87' lang='lat' dir='ltr'><strong>propriis</strong></span> <span class='ocrx_word' id='word_1_250' title='bbox 734 3520 959 3592; x_wconf 91' lang='lat' dir='ltr'><strong>intueamur.</strong></span> <span class='ocrx_word' id='word_1_251' title='bbox 1012 3515 1287 3621; x_wconf 86' lang='lat' dir='ltr'><strong>Physiologiae</strong></span> <span class='ocrx_word' id='word_1_252' title='bbox 1309 3504 1519 3593; x_wconf 77' lang='lat' dir='ltr'><strong>‘methodus</strong></span> <span class='ocrx_word' id='word_1_253' title='bbox 1545 3520 1781 3621; x_wconf 86' lang='lat' dir='ltr'><strong>respondeat</strong></span> <span class='ocrx_word' id='word_1_254' title='bbox 1800 3523 1921 3621; x_wconf 90' lang='lat' dir='ltr'><strong>igitur</strong></span> <span class='ocrx_word' id='word_1_255' title='bbox 1946 3541 2012 3591; x_wconf 90' lang='lat' dir='ltr'><strong>ne·</strong></span> <span class='ocrx_word' id='word_1_256' title='bbox 2096 3506 2112 3521; x_wconf 72' lang='grc'><em>”</em></span> 
     </span>
     <span class='ocr_line' id='line_1_26' title="bbox 201 3630 2047 3747; baseline 0.001 -33"><span class='ocrx_word' id='word_1_257' title='bbox 201 3654 309 3715; x_wconf 78' lang='lat' dir='ltr'><strong>cesse</strong></span> <span class='ocrx_word' id='word_1_258' title='bbox 332 3642 393 3715; x_wconf 88' lang='lat' dir='ltr'><strong>est</strong></span> <span class='ocrx_word' id='word_1_259' title='bbox 414 3638 475 3716; x_wconf 86' lang='lat' dir='ltr'><strong>his</strong></span> <span class='ocrx_word' id='word_1_260' title='bbox 499 3637 625 3714; x_wconf 87' lang='lat' dir='ltr'><strong>trihus</strong></span> <span class='ocrx_word' id='word_1_261' title='bbox 642 3636 800 3716; x_wconf 83' lang='lat' dir='ltr'><strong>tinibus:</strong></span> <span class='ocrx_word' id='word_1_262' title='bbox 834 3645 996 3741; x_wconf 88' lang='lat' dir='ltr'><strong>primum</strong></span> <span class='ocrx_word' id='word_1_263' title='bbox 1019 3638 1187 3718; x_wconf 83' lang='lat' dir='ltr'><strong>ubertati</strong></span> <span class='ocrx_word' id='word_1_264' title='bbox 1207 3641 1554 3743; x_wconf 90' lang='lat' dir='ltr'><strong>phaenomenornm</strong></span> <span class='ocrx_word' id='word_1_265' title='bbox 1586 3648 1848 3747; x_wconf 81' lang='lat' dir='ltr'><strong>propriorum3</strong></span> <span class='ocrx_word' id='word_1_266' title='bbox 1875 3640 2012 3719; x_wconf 84' lang='lat' dir='ltr'><strong>deinde</strong></span> <span class='ocrx_word' id='word_1_267' title='bbox 2041 3630 2047 3634; x_wconf 35' lang='lat'>⁵</span> 
     </span>
     <span class='ocr_line' id='line_1_27' title="bbox 199 3761 1809 3866; baseline 0.003 -27"><span class='ocrx_word' id='word_1_268' title='bbox 199 3761 389 3840; x_wconf 86' lang='lat' dir='ltr'><strong>altitudini</strong></span> <span class='ocrx_word' id='word_1_269' title='bbox 404 3790 516 3840; x_wconf 84' lang='lat' dir='ltr'><strong>rarae</strong></span> <span class='ocrx_word' id='word_1_270' title='bbox 539 3769 748 3866; x_wconf 88' lang='lat' dir='ltr'><strong>organismi</strong></span> <span class='ocrx_word' id='word_1_271' title='bbox 765 3768 953 3862; x_wconf 83' lang='lat' dir='ltr'><strong>notionis3</strong></span> <span class='ocrx_word' id='word_1_272' title='bbox 977 3768 1056 3841; x_wconf 92' lang='lat' dir='ltr'><strong>tum</strong></span> <span class='ocrx_word' id='word_1_273' title='bbox 1079 3769 1230 3842; x_wconf 88' lang='lat' dir='ltr'><strong>mutuae</strong></span> <span class='ocrx_word' id='word_1_274' title='bbox 1249 3767 1389 3841; x_wconf 88' lang='lat' dir='ltr'><strong>rationi</strong></span> <span class='ocrx_word' id='word_1_275' title='bbox 1405 3793 1490 3843; x_wconf 91' lang='lat' dir='ltr'><strong>cum</strong></span> <span class='ocrx_word' id='word_1_276' title='bbox 1505 3766 1713 3846; x_wconf 87' lang='lat' dir='ltr'><strong>medicinae</strong></span> <span class='ocrx_word' id='word_1_277' title='bbox 1724 3797 1809 3846; x_wconf 90' lang='lat' dir='ltr'><strong>usu.</strong></span> 
     </span>
    </p>

    <p class='ocr_par' dir='ltr' id='par_1_8' title="bbox 255 3887 2080 3998">
     <span class='ocr_line' id='line_1_28' title="bbox 255 3887 2080 3998; baseline 0.001 -35"><span class='ocrx_word' id='word_1_278' title='bbox 255 3894 265 3907; x_wconf 79' lang='grc'><em>“</em></span> <span class='ocrx_word' id='word_1_279' title='bbox 332 3888 490 3964; x_wconf 88' lang='lat' dir='ltr'><strong>Priores</strong></span> <span class='ocrx_word' id='word_1_280' title='bbox 507 3915 600 3964; x_wconf 82' lang='lat' dir='ltr'><strong>vero</strong></span> <span class='ocrx_word' id='word_1_281' title='bbox 624 3887 699 3965; x_wconf 93' lang='lat' dir='ltr'><strong>duo</strong></span> <span class='ocrx_word' id='word_1_282' title='bbox 722 3889 819 3966; x_wconf 82' lang='lat' dir='ltr'><strong>lines</strong></span> <span class='ocrx_word' id='word_1_283' title='bbox 843 3888 1082 3966; x_wconf 90' lang='lat' dir='ltr'><strong>solummodo</strong></span> <span class='ocrx_word' id='word_1_284' title='bbox 1106 3893 1283 3990; x_wconf 88' lang='lat' dir='ltr'><strong>spectant</strong></span> <span class='ocrx_word' id='word_1_285' title='bbox 1305 3890 1353 3966; x_wconf 89' lang='lat' dir='ltr'><strong>ad</strong></span> <span class='ocrx_word' id='word_1_286' title='bbox 1375 3894 1498 3991; x_wconf 86' lang='lat' dir='ltr'><strong>ipsam</strong></span> <span class='ocrx_word' id='word_1_287' title='bbox 1525 3891 1809 3998; x_wconf 74' lang='lat' dir='ltr'><strong>physiologiam</strong></span> <span class='ocrx_word' id='word_1_288' title='bbox 1832 3890 2010 3970; x_wconf 79' lang='lat' dir='ltr'><strong>excolen·</strong></span> <span class='ocrx_word' id='word_1_289' title='bbox 2072 3958 2080 3964; x_wconf 90' lang='lat'>.</span> 
     </span>
    </p>
   </div>
   <div class='ocr_carea' id='block_1_7' title="bbox 78 4009 2009 4120">
    <p class='ocr_par' dir='ltr' id='par_1_9' title="bbox 78 4009 2009 4120">
     <span class='ocr_line' id='line_1_29' title="bbox 78 4009 2009 4120; baseline 0.002 -30"><span class='ocrx_word' id='word_1_290' title='bbox 78 4062 83 4072; x_wconf 47' lang='grc' dir='ltr'><em>ι</em></span> <span class='ocrx_word' id='word_1_291' title='bbox 200 4013 301 4108; x_wconf 90' lang='lat' dir='ltr'><strong>dam,</strong></span> <span class='ocrx_word' id='word_1_292' title='bbox 324 4011 478 4088; x_wconf 89' lang='lat' dir='ltr'><strong>ultimus</strong></span> <span class='ocrx_word' id='word_1_293' title='bbox 491 4009 539 4085; x_wconf 93' lang='lat' dir='ltr'><strong>ad</strong></span> <span class='ocrx_word' id='word_1_294' title='bbox 550 4012 818 4112; x_wconf 82' lang='lat' dir='ltr'><strong>perficiendam</strong></span> <span class='ocrx_word' id='word_1_295' title='bbox 834 4013 1068 4090; x_wconf 85' lang='lat' dir='ltr'><strong>medicinam.</strong></span> <span class='ocrx_word' id='word_1_296' title='bbox 1095 4017 1182 4091; x_wconf 85' lang='lat' dir='ltr'><strong>Jam</strong></span> <span class='ocrx_word' id='word_1_297' title='bbox 1195 4041 1273 4090; x_wconf 90' lang='lat' dir='ltr'><strong>uon</strong></span> <span class='ocrx_word' id='word_1_298' title='bbox 1284 4042 1490 4116; x_wconf 87' lang='lat' dir='ltr'><strong>possumus</strong></span> <span class='ocrx_word' id='word_1_299' title='bbox 1502 4043 1581 4092; x_wconf 92' lang='lat' dir='ltr'><strong>non</strong></span> <span class='ocrx_word' id='word_1_300' title='bbox 1592 4018 1820 4120; x_wconf 84' lang='lat' dir='ltr'><strong>intelligere,</strong></span> <span class='ocrx_word' id='word_1_301' title='bbox 1837 4018 2009 4094; x_wconf 87' lang='lat' dir='ltr'><strong>ultimum</strong></span> 
     </span>
    </p>
   </div>
   <div class='ocr_carea' id='block_1_8' title="bbox 146 4133 2059 4251">
    <p class='ocr_par' dir='ltr' id='par_1_10' title="bbox 146 4133 2059 4251">
     <span class='ocr_line' id='line_1_30' title="bbox 146 4133 2059 4251; baseline 0.002 -38"><span class='ocrx_word' id='word_1_302' title='bbox 146 4178 149 4184; x_wconf 95' lang='lat'>·</span> <span class='ocrx_word' id='word_1_303' title='bbox 197 4135 311 4213; x_wconf 81' lang='lat' dir='ltr'><strong>linem</strong></span> <span class='ocrx_word' id='word_1_304' title='bbox 334 4140 417 4211; x_wconf 90' lang='lat' dir='ltr'><strong>sinc</strong></span> <span class='ocrx_word' id='word_1_305' title='bbox 439 4133 633 4235; x_wconf 85' lang='lat' dir='ltr'><strong>prioribus</strong></span> <span class='ocrx_word' id='word_1_306' title='bbox 655 4163 847 4240; x_wconf 89' lang='lat' dir='ltr'><strong>nunquam</strong></span> <span class='ocrx_word' id='word_1_307' title='bbox 869 4142 1008 4239; x_wconf 86' lang='lat' dir='ltr'><strong>attingi</strong></span> <span class='ocrx_word' id='word_1_308' title='bbox 1023 4165 1158 4251; x_wconf 73' lang='lat' dir='ltr'><strong>posse,</strong></span> <span class='ocrx_word' id='word_1_309' title='bbox 1186 4167 1309 4243; x_wconf 89' lang='lat' dir='ltr'><strong>neque</strong></span> <span class='ocrx_word' id='word_1_310' title='bbox 1326 4166 1417 4215; x_wconf 75' lang='lat' dir='ltr'><strong>vero</strong></span> <span class='ocrx_word' id='word_1_311' title='bbox 1439 4138 1702 4238; x_wconf 81' lang='lat' dir='ltr'><strong>infitiabimur,</strong></span> <span class='ocrx_word' id='word_1_312' title='bbox 1726 4142 2008 4246; x_wconf 87' lang='lat' dir='ltr'><strong>physiologiam</strong></span> <span class='ocrx_word' id='word_1_313' title='bbox 2057 4177 2059 4182; x_wconf 95' lang='lat'>·</span> 
     </span>
    </p>
   </div>
   <div class='ocr_carea' id='block_1_9' title="bbox 59 4258 2007 4368">
    <p class='ocr_par' dir='ltr' id='par_1_11' title="bbox 59 4258 2007 4368">
     <span class='ocr_line' id='line_1_31' title="bbox 59 4258 2007 4368; baseline 0.003 -32"><span class='ocrx_word' id='word_1_314' title='bbox 59 4318 62 4323; x_wconf 78' lang='lat'>-</span> <span class='ocrx_word' id='word_1_315' title='bbox 197 4287 333 4344; x_wconf 81' lang='lat' dir='ltr'><strong>rursus</strong></span> <span class='ocrx_word' id='word_1_316' title='bbox 354 4258 485 4336; x_wconf 89' lang='lat' dir='ltr'><strong>illius</strong></span> <span class='ocrx_word' id='word_1_317' title='bbox 508 4285 627 4361; x_wconf 89' lang='lat' dir='ltr'><strong>opera</strong></span> <span class='ocrx_word' id='word_1_318' title='bbox 649 4288 822 4339; x_wconf 86' lang='lat' dir='ltr'><strong>crescere</strong></span> <span class='ocrx_word' id='word_1_319' title='bbox 845 4266 885 4340; x_wconf 92' lang='lat' dir='ltr'><strong>et</strong></span> <span class='ocrx_word' id='word_1_320' title='bbox 904 4262 1092 4368; x_wconf 85' lang='lat' dir='ltr'><strong>adjuvari,</strong></span> <span class='ocrx_word' id='word_1_321' title='bbox 1123 4291 1206 4339; x_wconf 92' lang='lat' dir='ltr'><strong>cum</strong></span> <span class='ocrx_word' id='word_1_322' title='bbox 1230 4287 1282 4340; x_wconf 82' lang='lat' dir='ltr'><strong>ex</strong></span> <span class='ocrx_word' id='word_1_323' title='bbox 1300 4263 1474 4366; x_wconf 90' lang='lat' dir='ltr'><strong>diligenti</strong></span> <span class='ocrx_word' id='word_1_324' title='bbox 1496 4263 1716 4343; x_wconf 90' lang='lat' dir='ltr'><strong>morborum</strong></span> <span class='ocrx_word' id='word_1_325' title='bbox 1739 4265 2007 4345; x_wconf 77' lang='lat' dir='ltr'><strong>observatione</strong></span> 
     </span>
    </p>
   </div>
   <div class='ocr_carea' id='block_1_10' title="bbox 95 4381 2007 4869">
    <p class='ocr_par' dir='ltr' id='par_1_12' title="bbox 95 4381 2006 4497">
     <span class='ocr_line' id='line_1_32' title="bbox 95 4381 2006 4497; baseline 0.002 -35"><span class='ocrx_word' id='word_1_326' title='bbox 95 4454 99 4461; x_wconf 87' lang='lat'>.</span> <span class='ocrx_word' id='word_1_327' title='bbox 141 4437 143 4440; x_wconf 26' lang='grc' dir='ltr'><strong><em>ι</em></strong></span> <span class='ocrx_word' id='word_1_328' title='bbox 199 4388 420 4485; x_wconf 86' lang='lat' dir='ltr'><strong>saepissime</strong></span> <span class='ocrx_word' id='word_1_329' title='bbox 447 4381 495 4457; x_wconf 91' lang='lat' dir='ltr'><strong>ad</strong></span> <span class='ocrx_word' id='word_1_330' title='bbox 530 4397 660 4460; x_wconf 85' lang='lat' dir='ltr'><strong>sanam</strong></span> <span class='ocrx_word' id='word_1_331' title='bbox 689 4412 922 4486; x_wconf 87' lang='lat' dir='ltr'><strong>organorum</strong></span> <span class='ocrx_word' id='word_1_332' title='bbox 954 4390 1142 4471; x_wconf 82' lang='lat' dir='ltr'><strong>actionem</strong></span> <span class='ocrx_word' id='word_1_333' title='bbox 1177 4387 1369 4464; x_wconf 86' lang='lat' dir='ltr'><strong>ducamur.</strong></span> <span class='ocrx_word' id='word_1_334' title='bbox 1427 4392 1556 4491; x_wconf 90' lang='lat' dir='ltr'><strong>lpsius</strong></span> <span class='ocrx_word' id='word_1_335' title='bbox 1589 4395 1708 4492; x_wconf 90' lang='lat' dir='ltr'><strong>igitur</strong></span> <span class='ocrx_word' id='word_1_336' title='bbox 1740 4391 2006 4497; x_wconf 84' lang='lat' dir='ltr'><strong>physiologiae</strong></span> 
     </span>
    </p>

    <p class='ocr_par' dir='ltr' id='par_1_13' title="bbox 197 4505 2007 4613">
     <span class='ocr_line' id='line_1_33' title="bbox 197 4505 2007 4613; baseline 0.001 -27"><span class='ocrx_word' id='word_1_337' title='bbox 197 4537 314 4586; x_wconf 86' lang='lat' dir='ltr'><strong>causa</strong></span> <span class='ocrx_word' id='word_1_338' title='bbox 346 4505 558 4583; x_wconf 83' lang='lat' dir='ltr'><strong>iaciendum</strong></span> <span class='ocrx_word' id='word_1_339' title='bbox 592 4514 669 4604; x_wconf 84' lang='lat' dir='ltr'><strong>e&#39;st,</strong></span> <span class='ocrx_word' id='word_1_340' title='bbox 703 4513 747 4585; x_wconf 90' lang='grc'><strong>111</strong></span> <span class='ocrx_word' id='word_1_341' title='bbox 779 4537 861 4586; x_wconf 87' lang='lat' dir='ltr'><strong>eam</strong></span> <span class='ocrx_word' id='word_1_342' title='bbox 894 4539 1060 4611; x_wconf 88' lang='lat' dir='ltr'><strong>semper,</strong></span> <span class='ocrx_word' id='word_1_343' title='bbox 1099 4508 1230 4590; x_wconf 88' lang='lat' dir='ltr'><strong>habita</strong></span> <span class='ocrx_word' id='word_1_344' title='bbox 1256 4511 1463 4592; x_wconf 88' lang='lat' dir='ltr'><strong>medicinae</strong></span> <span class='ocrx_word' id='word_1_345' title='bbox 1498 4517 1664 4613; x_wconf 86' lang='lat' dir='ltr'><strong>ratione,</strong></span> <span class='ocrx_word' id='word_1_346' title='bbox 1703 4519 1927 4611; x_wconf 86' lang='lat' dir='ltr'><strong>tractemus,</strong></span> <span class='ocrx_word' id='word_1_347' title='bbox 1967 4517 2007 4588; x_wconf 92' lang='lat' dir='ltr'><strong>et</strong></span> 
     </span>
    </p>

    <p class='ocr_par' dir='ltr' id='par_1_14' title="bbox 196 4629 2005 4869">
     <span class='ocr_line' id='line_1_34' title="bbox 196 4629 1844 4739; baseline 0.006 -31"><span class='ocrx_word' id='word_1_348' title='bbox 196 4630 515 4735; x_wconf 83' lang='lat' dir='ltr'><strong>triplicem-tinem</strong></span> <span class='ocrx_word' id='word_1_349' title='bbox 533 4629 696 4736; x_wconf 91' lang='lat' dir='ltr'><strong>junctim</strong></span> <span class='ocrx_word' id='word_1_350' title='bbox 718 4633 877 4736; x_wconf 90' lang='lat' dir='ltr'><strong>adipisci</strong></span> <span class='ocrx_word' id='word_1_351' title='bbox 905 4663 1097 4713; x_wconf 85' lang='lat' dir='ltr'><strong>conemur.</strong></span> <span class='ocrx_word' id='word_1_352' title='bbox 1843 4733 1844 4739; x_wconf 8' lang='grc' dir='ltr'>η</span> 
     </span>
     <span class='ocr_line' id='line_1_35' title="bbox 330 4756 2005 4869; baseline 0.004 -37"><span class='ocrx_word' id='word_1_353' title='bbox 330 4756 617 4857; x_wconf 89' lang='lat' dir='ltr'><strong>Saepenumero</strong></span> <span class='ocrx_word' id='word_1_354' title='bbox 639 4785 664 4832; x_wconf 91' lang='lat' dir='ltr'><strong>a</strong></span> <span class='ocrx_word' id='word_1_355' title='bbox 685 4758 840 4835; x_wconf 88' lang='lat' dir='ltr'><strong>medicis</strong></span> <span class='ocrx_word' id='word_1_356' title='bbox 858 4760 1102 4863; x_wconf 83' lang='lat' dir='ltr'><strong>physiologia</strong></span> <span class='ocrx_word' id='word_1_357' title='bbox 1122 4766 1301 4839; x_wconf 85' lang='lat' dir='ltr'><strong>accusata</strong></span> <span class='ocrx_word' id='word_1_358' title='bbox 1317 4766 1394 4859; x_wconf 88' lang='lat' dir='ltr'><strong>est,</strong></span> <span class='ocrx_word' id='word_1_359' title='bbox 1423 4762 1527 4869; x_wconf 91' lang='lat' dir='ltr'><strong>quod</strong></span> <span class='ocrx_word' id='word_1_360' title='bbox 1543 4792 1678 4867; x_wconf 91' lang='lat' dir='ltr'><strong>parum</strong></span> <span class='ocrx_word' id='word_1_361' title='bbox 1695 4766 1900 4843; x_wconf 88' lang='lat' dir='ltr'><strong>medicinae</strong></span> <span class='ocrx_word' id='word_1_362' title='bbox 1916 4766 2005 4839; x_wconf 87' lang='lat' dir='ltr'><strong>usui</strong></span> 
     </span>
    </p>
   </div>
   <div class='ocr_carea' id='block_1_11' title="bbox 29 4878 2056 5118">
    <p class='ocr_par' dir='ltr' id='par_1_15' title="bbox 29 4878 2056 5118">
     <span class='ocr_line' id='line_1_36' title="bbox 195 4878 2004 4994; baseline 0.003 -36"><span class='ocrx_word' id='word_1_363' title='bbox 195 4880 415 4984; x_wconf 87' lang='lat' dir='ltr'><strong>prodesset,</strong></span> <span class='ocrx_word' id='word_1_364' title='bbox 437 4886 514 4958; x_wconf 91' lang='lat' dir='ltr'><strong>imo</strong></span> <span class='ocrx_word' id='word_1_365' title='bbox 538 4881 759 4959; x_wconf 89' lang='lat' dir='ltr'><strong>dissentiret</strong></span> <span class='ocrx_word' id='word_1_366' title='bbox 788 4912 871 4961; x_wconf 93' lang='lat' dir='ltr'><strong>cum</strong></span> <span class='ocrx_word' id='word_1_367' title='bbox 893 4882 1115 4961; x_wconf 89' lang='lat' dir='ltr'><strong>morborum</strong></span> <span class='ocrx_word' id='word_1_368' title='bbox 1143 4878 1429 4989; x_wconf 81' lang='lat' dir='ltr'><strong>phoenomenis.</strong></span> <span class='ocrx_word' id='word_1_369' title='bbox 1482 4891 1536 4967; x_wconf 82' lang='lat' dir='ltr'><strong>Et</strong></span> <span class='ocrx_word' id='word_1_370' title='bbox 1558 4890 1652 4968; x_wconf 91' lang='lat' dir='ltr'><strong>haec</strong></span> <span class='ocrx_word' id='word_1_371' title='bbox 1674 4889 1823 4994; x_wconf 90' lang='lat' dir='ltr'><strong>quidem</strong></span> <span class='ocrx_word' id='word_1_372' title='bbox 1850 4912 2004 4977; x_wconf 49' lang='lat' dir='ltr'><strong>accusas</strong></span> 
     </span>
     <span class='ocr_line' id='line_1_37' title="bbox 29 4999 2056 5118; baseline 0.001 -33"><span class='ocrx_word' id='word_1_373' title='bbox 29 4999 39 5009; x_wconf 69' lang='grc'><strong>’</strong></span> <span class='ocrx_word' id='word_1_374' title='bbox 97 5032 104 5041; x_wconf 85' lang='grc'><strong>’</strong></span> <span class='ocrx_word' id='word_1_375' title='bbox 194 5011 250 5085; x_wconf 85' lang='lat' dir='ltr'><strong>tio</strong></span> <span class='ocrx_word' id='word_1_376' title='bbox 271 5008 434 5085; x_wconf 84' lang='lat' dir='ltr'><strong>maximo</strong></span> <span class='ocrx_word' id='word_1_377' title='bbox 456 5007 600 5106; x_wconf 78' lang='lat' dir='ltr'><strong>effecit,</strong></span> <span class='ocrx_word' id='word_1_378' title='bbox 633 5013 677 5085; x_wconf 90' lang='lat' dir='ltr'><strong>ut</strong></span> <span class='ocrx_word' id='word_1_379' title='bbox 697 5034 721 5084; x_wconf 93' lang='lat' dir='ltr'><strong>a</strong></span> <span class='ocrx_word' id='word_1_380' title='bbox 741 5006 897 5087; x_wconf 87' lang='lat' dir='ltr'><strong>medicis</strong></span> <span class='ocrx_word' id='word_1_381' title='bbox 919 5010 1193 5116; x_wconf 82' lang='lat' dir='ltr'><strong>negligeretur.</strong></span> <span class='ocrx_word' id='word_1_382' title='bbox 1246 5017 1292 5090; x_wconf 92' lang='lat' dir='ltr'><strong>ln</strong></span> <span class='ocrx_word' id='word_1_383' title='bbox 1315 5012 1375 5093; x_wconf 89' lang='lat' dir='ltr'><strong>bis</strong></span> <span class='ocrx_word' id='word_1_384' title='bbox 1393 5011 1624 5118; x_wconf 74' lang='lat' dir='ltr'><strong>‚opprobriis</strong></span> <span class='ocrx_word' id='word_1_385' title='bbox 1652 5012 1865 5093; x_wconf 75' lang='lat' dir='ltr'><strong>refutandis</strong></span> <span class='ocrx_word' id='word_1_386' title='bbox 1887 5016 2004 5097; x_wconf 65' lang='lat' dir='ltr'><strong>aar,</strong></span> <span class='ocrx_word' id='word_1_387' title='bbox 2050 5092 2056 5101; x_wconf 23' lang='lat'>⁴</span> 
     </span>
    </p>
   </div>
   <div class='ocr_carea' id='block_1_12' title="bbox 0 0 2420 6188">
    <p class='ocr_par' dir='ltr' id='par_1_16' title="bbox 0 0 2420 6188">
     <span class='ocr_line' id='line_1_38' title="bbox 0 0 2420 6188; baseline 0 3"><span class='ocrx_word' id='word_1_388' title='bbox 0 0 2420 6188; x_wconf 95' lang='lat' dir='ltr'><strong> </strong></span> 
     </span>
    </p>
   </div>
  </div>
 </body>
</html>
