4830 6188
1179 462 1240 555 59
1467 481 1471 493 ’

300 665 410 740 vitrei
438 660 644 753 minaeis,
672 654 826 735 salivam
856 657 1100 752 contineatis,
1128 655 1320 732 admotum
1353 604 1512 733 multum¹
1540 652 1664 734 abluit
1690 662 1733 734 ut
1751 685 1915 761 vapores
1942 671 2120 745 ammonii

228 809 230 812 ’
298 789 488 864 muriatici
515 808 594 859 nou
626 785 820 884 gigneret.
874 784 925 858 lli
951 808 1115 883 vapores
1149 780 1348 858 densiores
1376 779 1536 877 liebaut,
1578 779 1645 857 nbi
1678 782 1797 860 saliva
1829 786 2015 867 calefacta
2047 797 2118 870 cst.
2149 810 2152 815 '

299 915 434 1016 Neque
461 913 589 985 tamen
618 905 741 983 saliva
768 912 857 1011 cqul
874 906 1029 983 ¹(liutius
1056 911 1096 983 in
1124 900 1252 982 calore
1280 909 1471 1000 sustenta,
1498 908 1543 981 ut
1568 906 1733 983 bumana
1758 935 1908 987 omnem
1925 913 1984 991 vel
2001 923 2120 994 maxi·

298 1062 395 1112 mam
423 1032 729 1111 alcalescentiam
757 1034 912 1128 amittit,
940 1036 1017 1106 imo
1044 1057 1137 1106 vero
1165 1035 1364 1106 maximam
1390 1034 1539 1134 partem
1566 1032 1717 1107 retinet.
1881 1092 1884 1097 .

331 1168 335 1173 ’
432 1161 565 1252 Quare
598 1156 659 1250 iit,
693 1164 736 1231 ut
768 1155 902 1232 charta
935 1155 1198 1258 exploratoris
1229 1153 1348 1231 rubra
1375 1182 1446 1255 per
1472 1155 1628 1236 salivam
1657 1156 1834 1235 caenrlea
1860 1158 1948 1265 data
1976 1171 2013 1239 et
2038 1172 2119 1245 atri
2259 1220 2264 1227 -

299 1288 478 1388 exposita
509 1306 589 1358 non
620 1287 660 1357 iu
692 1276 851 1358 mbram
885 1280 1053 1359 colorem
1079 1278 1229 1375 redeat,
1259 1279 1328 1357 sad
1354 1280 1532 1358 caerulea
1557 1284 1789 1382 perseveret.
1843 1285 2000 1364 Nullum
2027 1318 2118 1367 vero

300 1409 454 1487 dublum
488 1409 566 1503 cst,
608 1410 698 1509 quin
733 1411 960 1493 ammonium
994 1402 1240 1483 carbonicum
1271 1407 1448 1506 primitus
1485 1409 1526 1482 in
1560 1405 1678 1482 saliva
1711 1405 1829 1505 adsit,
1870 1412 2006 1514 utpote
2034 1441 2121 1493 cum·

300 1536 561 1635 expers-ean
586 1529 681 1607 baec
714 1534 892 1630 protinus
919 1535 1010 1632 post
1023 1573 1024 1576 π
1038 1529 1302 1607 collectionem
1328 1531 1503 1607 instituta
1530 1533 1636 1605 sint*

333 1716 339 1723 .
433 1661 639 1733 Praeterea
649 1682 741 1732 vero
755 1655 874 1732 saliva
891 1661 977 1759 equi
994 1680 1073 1730 non
1090 1659 1214 1757 magis
1227 1681 1338 1758 quam
1354 1654 1519 1732 bominis
1536 1653 1737 1758 coquendo
1753 1683 1832 1731 non
1850 1657 2009 1758 coaluit,
2042 1667 2118 1740 imo

199 1812 201 1817 ¹
301 1810 390 1860 vcro
417 1784 507 1882 post
535 1781 770 1858 desinentem
799 1808 971 1881 spumam
1000 1782 1113 1855 etiam
1140 1778 1333 1880 limpidior
1359 1779 1442 1856 lieri
1460 1779 1551 1856 mibi
1575 1776 1786 1857 videbatur.
1827 1780 2029 1862 'Albumeu
2046 1792 2119 1890 igi·

301 1913 361 1984 tur
399 1933 477 1981 non
511 1909 693 1982 continet.
753 1904 916 2011 Adjecto
951 1909 1089 2007 spiritu
1121 1909 1197 1979 vini
1232 1930 1354 2004 opaca
1385 1903 1447 1998 iit,
1487 1932 1560 1981 nec
1593 1905 1733 1979 omittit
1765 1903 1976 1986 nubeculas
2015 1910 2118 2009 dara,

299 2025 394 2135 quae
436 2035 528 2131 post
569 2029 724 2134 aliquod
765 2033 916 2133 tempus
956 2028 1114 2106 fundum
1155 2031 1292 2128 petunt
1332 2033 1448 2132 atque
1488 2033 1527 2105 in
1575 2027 1824 2105 sedimentum
1871 2033 2117 2135 colliguntur.

288 2155 418 2262 ‘Quod
448 2154 597 2257 quidem
624 2159 802 2255 protinus
829 2183 874 2230 ac
901 2154 1097 2232 celerrime
1132 2151 1282 2258 adjecta
1309 2178 1410 2258 aqua
1442 2152 1584 2255 frigida
1616 2153 1786 2253 perlecta
1820 2154 1981 2233 solvitur
2007 2164 2047 2235 in
2073 2160 2118 2239 li·

298 2306 456 2384 quorem
467 2278 674 2381 limpidum,
698 2280 944 2383 quirecentis
962 2276 1105 2355 salivas
1122 2276 1344 2379 adspectum
1361 2272 1485 2354 babet.
1518 2276 1678 2354 Acidum
1690 2282 1942 2379 muriaticum,
1969 2284 2117 2362 acidum

297 2409 490 2501 uitricum,
519 2403 667 2481 acidum
680 2403 940 2507 sulphuricnm
957 2400 1133 2499 dilutum,
1153 2401 1303 2479 acidum
1319 2404 1539 2486 tartaricum
1555 2428 1680 2506 neque
1696 2401 1865 2482 colorem
1882 2403 2024 2486 salivae
2037 2438 2116 2488 mu·

295 2533 516 2634 tantusque
530 2527 723 2607 turbidam
736 2555 820 2606 eam
835 2527 939 2607 dant
970 2525 1337 2604 Acidum'oxalicum
1350 2528 1529 2629 exiguam
1543 2529 1770 2629 opacitatem
1785 2535 1931 2608 evocat.
1969 2538 2117 2638 Argen-

295 2661 375 2732 tum
389 2657 563 2731 nitricum
579 2654 828 2732 sedimentum
847 2651 1009 2730 lacteum
1029 2650 1146 2729 efficit
1158 2656 1197 2728 in
1217 2650 1366 2757 liquore
1386 2655 1564 2727 ammonii
1580 2655 1739 2728 caustici
1757 2650 1934 2733 solubile.
1988 2660 2117 2738 Plum-

295 2777 387 2857 bum
405 2783 587 2856 aceticum
605 2774 732 2855 album
746 2777 993 2856 sedimentum
1007 2777 1137 2879 gignit
1154 2778 1195 2851 in
1209 2774 1320 2855 acido
1334 2776 1480 2852 acetico
1495 2772 1671 2857 solubile.
1726 2778 1874 2885 Liquor
1886 2780 2116 2893 hydrargrri

295 2908 422 2982 uitrici
455 2901 655 3010 oxydulati
683 2903 931 2980 sedimentum
964 2898 1094 2979 album
1122 2898 1387 2977 densissimum
1411 2898 1607 3001 producit,
1645 2904 1785 3004 postca
1816 2908 2043 3007 nigrescens
2070 2938 2116 2988 ac

296 3032 485 3135 usquein
512 3027 622 3104 acido
650 3031 847 3105 muriatico
876 3029 1066 3131 usquein
1091 3022 1202 3102 acido
1229 3027 1368 3103 uitrico
1397 3020 1573 3104 solubile.

1057 3181 1262 3271 Experior.
1295 3181 1352 3252 ds.

865 3305 956 3366 salin
974 3309 1044 3387 equi.
1080 3305 1234 3366 Destillatio
1251 3308 1350 3378 salium
1367 3306 1490 3364 mentia

431 3404 574 3481 [incias
603 3407 768 3507 quatuor
795 3399 937 3479 salivae
962 3402 1130 3478 recentis
1156 3397 1235 3476 leni
1261 3402 1353 3503 igne
1379 3403 1419 3475 in
1431 3400 1581 3477 retorta
1607 3404 1727 3479 vitrea
1755 3401 1996 3483 distillationi
2023 3402 2114 3485 sub-

290 3528 380 3633 jeci.
435 3530 581 3631 Liquor
609 3522 1019 3604 destillatus’cbartam
1045 3521 1201 3601 mbram
1227 3530 1268 3602 in
1296 3523 1506 3608 caeruleam
1528 3521 1710 3602 mutabat.
1766 3529 1937 3631 Cuprum
1956 3510 2115 3634 sulphuss

295 3657 414 3731 ricum
443 3677 527 3729 eum
554 3628 653 3728 labte
680 3650 838 3730 viridem
864 3643 1063 3728 reddebat.
1117 3653 1276 3729 Ferrum
1302 3652 1538 3727 muriaticam
1565 3646 1685 3728 rubro
1714 3679 1798 3730 cum
1825 3656 1942 3732 tinxit
1968 3655 2112 3755 colore,

296 3777 474 3855 dilutiore
507 3777 635 3851 tamen
669 3803 780 3880 quam
812 3803 953 3854 meram
987 3774 1155 3851 salivam.
1210 3776 1422 3877 Argentum
1454 3777 1629 3851 uitricum
1661 3779 1701 3851 in
1735 3781 1856 3878 prima
1889 3777 2112 3859 destillatio·

295 3906 356 3978 uis
386 3906 497 4002 parte
535 3898 678 3975 nullam
713 3898 855 3978 coloris
886 3901 1132 3976 mutationem
1171 3898 1371 4000 produxit,
1415 3899 1584 3976 secunda
1621 3926 1714 3976 vero
1748 3928 1840 4001 pars
1873 3900 1922 3979 ab
1954 3929 2001 3980 eo
2032 3909 2112 3983 tnr-

293 4022 388 4102 bata
415 4026 492 4121 est,
528 4050 624 4128 quae
651 4050 715 4100 res
742 4019 995 4125 probabiliter
1021 4022 1178 4100 eandem
1205 4020 1324 4101 babet
1348 4049 1518 4120 causam,
1556 4049 1668 4128 quam
1695 4029 1735 4101 in
1763 4029 1814 4103 39
1848 4032 2110 4129 experimento
2237 4114 2242 4120 ,

297 4148 497 4252 explicavi.
553 4148 842 4255 llpdrargyrum
871 4147 1132 4256 oxydulatum
1145 4151 1321 4225 uitricum
1349 4144 1468 4225 albas.
1488 4147 1593 4226 dedit
1625 4146 1833 4227 nubeculas
1865 4154 2043 4254 protinus
2069 4160 2109 4233 iu

296 4279 469 4351 cinereus
495 4269 681 4350 abnues
709 4278 823 4379 anpue
849 4278 889 4349 in
915 4277 1068 4376 nigrum
1097 4272 1344 4351 sedimentum
1372 4298 1459 4350 sese
1485 4270 1730 4374 colligentes,
1773 4274 1876 4377 quod
1906 4278 2110 4357 verisimile

296 4409 357 4478 est
382 4426 432 4476 ex
464 4396 703 4503 hydrargyro
731 4397 941 4502 oxydulato
974 4400 1089 4499 nigro
1117 4399 1232 4502 atque
1259 4395 1498 4502 hydrargyro
1526 4400 1672 4475 acetico
1700 4401 1880 4479 constane
1909 4401 2109 4503 productis

294 4552 366 4626 per
390 4526 616 4601 ammonium
643 4519 883 4600 carbonicam
910 4526 1023 4627 alapia
1049 4523 1276 4598 ammonium
1303 4524 1487 4625 aeolicum
1514 4520 1667 4600 salivae.

574 4670 577 4675 ⁴
1051 4678 1259 4768 Eeperam.
1286 4680 1349 4748 49.

906 4803 995 4863 Salias
1013 4805 1115 4884 endas.
1150 4800 1311 4883 limporatio
1327 4799 1362 4860 sd
1378 4803 1486 4861 ciccum.

430 4892 551 5000 cujus
579 4895 719 4973 salivas
748 4893 864 5001 almul·
886 4923 932 4974 ac
959 4897 1099 5000 collegi
1127 4897 1255 4976 decem
1281 4901 1417 4976 melas
1446 4895 1549 5003 ejus,
1577 4919 1674 5001 quae
1699 4898 1978 5001 interpretum
1997 4907 2108 4978 meri·

297 5021 468 5115 nanum,
515 5019 762 5126 totidemque,
809 5047 905 5127 qnae
946 5024 1058 5100 inter
1084 5021 1236 5129 jejunia
1280 5020 1455 5126 praebita
1500 5023 1627 5119 crant,
1672 5024 1866 5126 utrasque·
1903 5026 2106 5125 separatim

1623 5147 1649 5224 8
1663 5144 1683 5186 0
