4808 6186
1005 1547 1275 1723 Gap.
1363 1550 1427 1684 1.

273 1795 600 1973 ‘Narratur
640 1808 840 1953 ipsius
883 1808 1159 1921 auctoris
1207 1765 1491 1920 historio.
1511 1808 1731 1952 morbi,
1789 1839 1910 1951 quo
1961 1788 2123 1922 enee
2250 1760 2263 1781 ’

477 2086 481 2095 .
733 1986 1161 2134 experimento
1198 1989 1342 2100 sunt
1389 1986 1688 2100 instituta.

913 2253 1081 2339 Natura
1111 2255 1241 2325 morti
1269 2257 1499 2344 generalis.
1656 2268 1659 2273 '
1764 2254 1769 2265 ’

301 2440 410 2576 Per
436 2494 518 2569 tres
545 2516 697 2570 menses
723 2489 813 2574 inde
839 2519 864 2568 a
889 2490 1074 2571 Kalendis
1103 2486 1344 2569 Octobribus
1375 2518 1500 2595 usque
1531 2490 1581 2569 ad
1612 2495 1760 2571 initium
1792 2499 1936 2572 mensis
1962 2496 2124 2575 Iteeem·

301 2613 385 2694 bris
412 2623 503 2695 anni
534 2621 636 2696 1831
667 2612 783 2694 liebri
809 2617 1084 2695 intermittentes
1110 2613 1301 2715 laboravi,
1329 2643 1428 2723 quae
1453 2617 1608 2695 tandem
1625 2623 1680 2696 ita
1697 2623 1759 2697 est
1783 2622 1952 2715 intensa,
1980 2622 2024 2697 ut
2040 2619 2122 2698 iere

172 2765 179 2771 ·
302 2718 409 2816 nulla
445 2747 551 2820 esset
587 2745 845 2827 intermissio.
893 2744 993 2819 'l'nm
1032 2743 1300 2819 intestinorum
1338 2767 1478 2820 sensus
1515 2739 1724 2847 obseurus,
1762 2770 1961 2848 qnemo
1906 2765 2010 2816 κοινω
1979 2750 2124 2829 «bete

301 2863 556 2969 appellamus,
584 2873 624 2944 in
651 2871 894 2971 perspicuum
921 2871 962 2947 et
988 2865 1199 2945 evidentem
1225 2871 1412 2945 exacutus
1439 2871 1517 2965 est,
1544 2838 1602 2946 sie
1628 2871 1672 2945 ut
1698 2868 1779 2948 iero
1806 2871 1930 2945 totum
1948 2869 2121 2947 ordinem

204 3070 211 3079 ,
299 3016 346 3069 ae
373 2990 576 3071 decorem
602 2988 728 3070 morbi
755 2990 934 3072 distincte
961 2995 1001 3070 et
1025 2996 1158 3094 aperte
1177 3018 1334 3095 possem
1352 2998 1544 3099 persequi.
1599 2995 1683 3070 llao
1709 2997 1834 3072 autom
1854 2962 1983 3072 indole
1999 2991 2121 3073 febris

299 3120 385 3195 erat
415 3122 599 3220 insignis,
641 3117 745 3222 quod
777 3115 977 3195 bor-rorem
1011 3120 1194 3219 exignum
1216 3119 1451 3225 aestumque
1483 3117 1718 3225 quarundam
1751 3124 1928 3223 eorporis
1955 3124 2120 3223 portium

298 3241 488 3319 modicum
514 3242 699 3345 profusus
727 3240 847 3345 sudpr
872 3239 1116 3346 sequebatur.

964 3436 1126 3542 Causae
1158 3472 1455 3543 antecedentes.

433 3615 574 3713 Qualis
603 3622 728 3699 11111111
756 3614 881 3697 morbi
910 3621 1018 3695 ortus
1051 3619 1168 3698 inerit
1197 3617 1367 3698 breviter
1398 3624 1456 3697 sie
1487 3620 1633 3722 poterit
1666 3618 1864 3723 explicari.
1920 3623 2050 3715 Quum
2077 3628 2119 3700 in

296 3740 498 3823 itineribus
525 3743 895 3849 excursionibusquo
921 3742 1113 3823 botanicis
1133 3743 1216 3853 jum
1242 3746 1332 3824 inde
1358 3740 1409 3822 ab
1437 3771 1538 3822 anno
1558 3746 1660 3851 1817
1681 3772 1797 3849 saepe
1818 3746 2056 3829 madesceret
2078 3754 2120 3826 et

293 3871 593 3972 perfrigesoeret
620 3898 705 3947 oum
731 3874 855 3948 totum
882 3898 1024 3973 eorpus
1050 3897 1173 3948 meum
1202 3868 1349 3973 pluvio,
1377 3874 1457 3948 tum
1485 3870 1603 3973 pedes
1630 3874 1670 3947 in
1697 3871 1950 3973 perradendis
1970 3874 2118 3976 paludi-

233 4050 237 4057 «
293 3991 387 4092 bns,
427 3996 572 4074 nullum
606 3996 687 4074 sere
719 3999 875 4099 gorius
909 3995 1086 4074 domnum
1117 3996 1206 4074 inde
1234 3999 1336 4098 cepi,
1377 4022 1520 4099 neque,
1563 4022 1678 4098 quum
1710 4023 1926 4101 peragrans
1953 3998 2116 4076 insulam

163 4198 167 4205 .
292 4122 460 4224 Rugiam
486 4149 619 4201 mense
644 4125 823 4224 Augusto
850 4126 941 4198 anni
973 4127 1075 4201 1820
1103 4117 1374 4224 ingruentibus
1406 4116 1578 4197 tenebris
1612 4148 1658 4199 se
1693 4119 1930 4199 densissimis
1962 4118 2116 4202 nebulis

291 4249 331 4323 in
359 4249 527 4349 angusto
554 4246 621 4323 illo
648 4246 789 4324 isthmo
818 4252 883 4351 qui
909 4244 959 4324 ab
986 4253 1140 4324 Arcena
1166 4247 1216 4323 ad
1243 4242 1592 4324 Stubbenlmmmer
1619 4246 1725 4323 ducit
1758 4249 1872 4324 noete
1898 4252 2086 4351 perpeti
2074 4275 2114 4325 ιιι

291 4398 409 4449 ιιι-111
436 4369 606 4467 humida,
634 4378 758 4476 eapite
786 4399 903 4475 perae
929 4376 1130 4476 imposito,
1160 4371 1384 4450 dormissem
1418 4376 1619 4476 quiequam
1646 4398 1697 4450 ex
1725 4398 1772 4450 eo
1800 4399 1861 4450 me
1887 4377 2114 4491 aegrotasse

290 4501 454 4575 memini.
510 4501 642 4601 Neque
668 4506 792 4601 magis
818 4525 921 4576 anno
954 4501 1095 4576 1811
1083 4525 1123 4573 ιιι
1150 4496 1298 4594 alneto,
1340 4525 1417 4601 quo
1449 4496 1553 4573 ultra
1586 4493 1925 4598 Oranienburgum
1959 4495 2113 4575 aboma-

288 4649 432 4719 reram,
462 4620 534 4699 sirb
563 4621 655 4725 logo
683 4627 850 4721 vetusta,
877 4621 1075 4702 substrato
1104 4626 1249 4725 cespite
1275 4618 1445 4699 berboso
1478 4621 1635 4725 pluviali
1666 4647 1792 4728 equa
1797 4620 1992 4719 madente,
2034 4630 2111 4700 uvi·

289 4746 349 4826 dis
375 4750 610 4827 vestimentis
637 4756 887 4851 pernoctasse
915 4752 1058 4827 nocuit.
1115 4749 1197 4826 Sed
1225 4777 1274 4827 ex
1301 4747 1369 4825 illo
1397 4744 1486 4824 inde
1511 4749 1706 4849 tempore,
1747 4772 1861 4851 qumn
1888 4747 2110 4851 frequentes

287 4871 542 4952 membrorum
582 4902 628 4950 ao
666 4879 829 4949 maxime
868 4871 1036 4952 dentium
1077 4871 1233 4950 dolores
1270 4872 1493 4950 rbeumatiei
1532 4866 1879 4977 subsequerentur,
1920 4899 1998 4948 non
2025 4873 2108 4978 jam

285 5026 406 5106 aeque
432 4998 591 5080 tirmiter
616 5024 702 5078 oum
730 5001 852 5076 totum
879 5024 1022 5103 eorpus
1049 5025 1173 5076 meum
1187 5001 1266 5076 tum
1280 4997 1398 5101 podes
1418 4993 1561 5078 imbres
1575 5000 1801 5104 frigoraque
1817 5002 1968 5102 perpeti
1986 5024 2107 5102 posse
