4830 6188
1181 476 1242 570 79

653 663 796 741 menta
813 667 842 726 n
864 664 981 724 evea
996 664 1134 726 seman
1152 633 1368 725 eremana
1385 663 1524 744 ,neem
1539 664 1593 724 en
1610 673 1771 726 mane.

438 797 554 898 Atqui
582 755 699 891 certo,
726 800 782 871 uti
810 794 982 871 diversus
1010 795 1072 871 hic
1099 794 1298 871 ventriculi
1325 803 1450 870 motus
1478 798 1551 892 est,
1578 797 1633 871 ita
1645 794 1795 871 diverso
1823 789 2117 898 quoquomodo

180 924 185 947 ⁸
222 956 226 963 ·
303 918 380 998 cllvi
408 927 446 1002 in
472 918 685 996 ventriculo
710 929 922 996 moventur.
978 918 1176 1022 Siquidem
1203 924 1244 994 in
1269 916 1499 1014 herbivoris,
1527 916 1594 995 nlri
1622 925 1823 996 curvatura
1848 917 1973 1024 major
1999 920 2119 1019 potis·

302 1052 437 1122 simum
469 1047 660 1141 movetur,
702 1045 951 1122 evanescente
984 1043 1066 1121 iere
1099 1046 1206 1120 motu
1236 1046 1414 1140 minoris,
1455 1041 1626 1120 ciborum
1659 1046 1773 1120 etiam
1809 1042 1931 1121 moles
1963 1045 2118 1118 nonnisi

301 1168 349 1246 alv
377 1194 423 1245 ea
449 1172 560 1271 parte
589 1171 852 1269 promovetur,
895 1195 971 1273 qua
998 1173 1200 1247 curvatura
1225 1166 1349 1273 major
1375 1171 1451 1264 est,
1493 1165 1726 1246 subsistente
1760 1195 1806 1245 ea
1837 1170 1965 1271 parte,
2003 1191 2116 1271 qnam

301 1297 506 1373 curvatura
531 1299 655 1370 minor
680 1292 933 1395 amplectitur.
994 1292 1148 1386 Quodsi
1174 1319 1279 1389 vero,
1311 1301 1355 1367 ut
1386 1292 1467 1370 fere
1494 1292 1636 1389 solent,
1670 1293 1856 1371 'alunanta
1887 1298 1927 1370 in
1958 1292 2116 1370 fundum

300 1417 500 1498 ventriculi
538 1420 692 1520 ingesta
722 1422 763 1494 in
795 1443 962 1494 massam
1000 1418 1238 1496 solidescunt
1270 1417 1551 1515 cohaerentem,
1592 1418 1703 1494 aliter
1739 1418 1824 1495 lieri
1859 1445 1939 1494 non
1975 1427 2116 1522 potest,

193 1598 196 1603 -
251 1562 256 1568 ·
302 1566 415 1651 quarn
438 1546 484 1620 nt
510 1546 693 1621 continno
720 1542 805 1649 ejus
831 1547 972 1643 partis,
1000 1570 1112 1646 wem
1140 1546 1342 1620 curvatura
1368 1542 1492 1648 major
1502 1542 1752 1645 amplectitm,
1779 1569 2007 1647 progressu,
2026 1541 2115 1618 ‹lnrn

210 1692 215 1697 ·
304 1669 424 1746 altera
448 1673 557 1770 parte
590 1695 669 1743 non
702 1667 951 1771 propellitur,
993 1673 1135 1744 circum
1167 1669 1344 1744 rotantur
1376 1671 1490 1772 atque
1518 1673 1640 1744 sicin
1673 1662 1806 1744 orbem
1838 1665 2114 1768 glomerentur»

303 1799 442 1899 igitur,
472 1820 569 1898 qnae
596 1798 635 1868 in
662 1791 873 1870 ventriculo
902 1795 1162 1888 continentur,
1203 1818 1281 1868 nou
1308 1795 1484 1895 protinus
1511 1796 1639 1868 omnia
1664 1794 1704 1866 iu
1729 1789 1906 1894 pylorum
1934 1795 1974 1867 et
1998 1794 2115 1868 inste-

303 1923 439 1996 stinum
472 1916 757 2021 propelluntur,
798 1914 866 1993 sed
894 1942 941 1992 ea
971 1918 1120 1993 tantum
1153 1936 1260 2019 pars,
1303 1944 1401 2023 quae
1427 1920 1467 1992 iu
1494 1915 1667 2018 clrymum
1695 1941 1881 1992 conversa
1906 1919 2021 2021 atque
2048 1941 2115 1993 ex·

299 2071 435 2149 pressa
462 2071 513 2120 ex
539 2042 639 2119 mole
667 2038 837 2118 ciborum
865 2040 950 2146 ejus
975 2040 1184 2119 circumdet
1210 2042 1467 2143 superficiem,
1495 2045 1739 2118 continuante
1757 2044 1948 2118 rotatione
1961 2040 2115 2118 alimen·

298 2170 424 2244 torum
451 2166 621 2244 nondum
648 2167 899 2269 digestorum.

396 2334 399 2339 ·
433 2295 566 2386 Quare
594 2290 825 2394 intelligitur
845 2290 1025 2368 alimenta
1042 2317 1092 2368 ex
1105 2287 1395 2369 lrerlvivororom
1413 2289 1623 2370 ventriculo
1634 2292 1788 2367 nonnisi
1801 2298 1892 2393 post
1904 2289 2113 2393 perfectam
2163 2325 2169 2337 ·

298 2425 336 2496 in
371 2419 544 2523 elymum
576 2414 806 2493 solationem
845 2442 963 2519 posse
989 2419 1030 2491 in
1056 2419 1278 2494 intestinum
1309 2420 1492 2515 transim,
1525 2416 1816 2521 longioremque
1842 2415 1940 2493 hanc
1966 2441 2112 2493 moram

298 2549 339 2623 et
364 2541 580 2618 dillicnltati
612 2539 876 2646 concoquendi
908 2544 948 2619 et
973 2540 1094 2618 indoli
1111 2544 1247 2619 motus
1273 2541 1472 2619 ventriculi
1498 2541 1744 2645 respondere.

431 2669 568 2768 Longe
596 2663 708 2741 aliam
735 2664 850 2772 hujus
882 2671 939 2742 rei
970 2669 1156 2742 rationem
1190 2665 1367 2743 animalia
1399 2672 1598 2745 carnivora
1628 2671 1667 2745 et
1697 2668 1865 2770 poscunt
1890 2669 1930 2742 et
1953 2663 2110 2744 hahent.

297 2800 341 2872 ln
370 2794 430 2871 tes
457 2793 556 2869 enim
584 2794 864 2868 consentaneos
892 2789 1068 2867 facilitati
1076 2791 1357 2895 ‘concoquendi
1383 2788 1553 2870 cilvornm
1579 2796 1707 2869 motus
1732 2788 1931 2868 ventriculi
1949 2793 2004 2866 ita
2021 2817 2113 2868 eon·
2140 2784 2141 2789 ¹

169 2935 172 2940 “
298 2923 454 2998 stitutus
482 2917 559 3010 est,
585 2917 630 2990 nt
655 2912 883 3017 glomeratio
911 2921 986 2992 ista
1012 2910 1182 2990 ciborum
1209 2920 1250 2990 in
1277 2912 1407 2993 orbem
1439 2919 1644 2994 rotantium
1674 2915 1736 2994 vel
1767 2915 1881 3019 plane
1914 2940 2010 3012 non,
2051 2914 2112 2994 vel
2171 2972 2172 2976 η

297 3042 517 3146 imperfecto
551 3038 665 3115 modo
699 3038 867 3137 accidat,
906 3066 989 3116 cnm
1023 3066 1070 3115 ea
1102 3065 1254 3143 quoqne
1286 3037 1454 3116 ciborum
1482 3066 1592 3139 pars,
1619 3067 1732 3146 qnam
1759 3048 1961 3117 curvatura
1985 3044 2110 3116 minor
2248 3036 2278 3113 ’,

255 3230 260 3237 ,
296 3166 554 3270 amplectitur,
582 3163 672 3240 licet
699 3169 823 3240 miuus
851 3162 1051 3261 velociter,
1081 3189 1192 3267 quam
1208 3191 1233 3239 a
1249 3166 1452 3240 curvatura
1477 3162 1630 3269 majori,
1657 3164 1800 3241 sensim
1827 3169 2109 3267 promoveatur,

296 3298 352 3372 sic
379 3295 424 3367 nt
448 3285 526 3365 cibi
553 3290 754 3392 utriusque
781 3294 1005 3366 curvaturae
1028 3296 1158 3366 motus
1190 3287 1335 3366 anxllio
1362 3288 1499 3367 fortius
1531 3288 1715 3368 adversus
1747 3289 1924 3395 pylornm
1955 3289 2110 3393 propel-

295 3420 439 3511 lantur,
467 3417 523 3511 et,
551 3415 713 3518 quaein
740 3412 951 3490 ventriculo
978 3415 1261 3511 contineantur,
1289 3419 1417 3491 omnia
1440 3415 1522 3494 lere
1548 3405 1597 3491 ab
1624 3422 1785 3520 utraque
1810 3419 1921 3519 parte
1947 3441 2109 3519 progre-

295 3543 461 3622 diantur.
513 3541 639 3642 lgitur
665 3564 800 3637 cansa,
829 3565 880 3614 ex
907 3563 984 3643 qua
1009 3537 1190 3615 alimenta
1214 3544 1253 3616 in
1280 3536 1568 3617 lrerlvivororum
1593 3537 1803 3619 ventriculo
1837 3541 2107 3619 diutmniorem

294 3664 461 3744 habeant
486 3688 648 3758 moram,
689 3666 765 3739 ista
791 3665 983 3765 apparuit,
1025 3661 1130 3766 quocl
1159 3667 1320 3766 propria
1349 3663 1486 3742 horum
1512 3665 1711 3742 ventriculi
1739 3669 1778 3742 et
1803 3665 2107 3743 conformatione

296 3796 333 3870 et
357 3793 528 3866 motione
554 3791 594 3862 in
622 3783 754 3864 orbem
788 3785 1147 3887 circumvolvantor3
1186 3791 1346 3865 invicem
1377 3814 1468 3865 vero
1500 3787 1667 3868 breviori
1698 3816 1845 3887 morae,
1888 3816 2000 3895 quam
2033 3788 2107 3869 cili

294 3919 333 3992 in
351 3911 564 3992 ventriculo
593 3917 879 3989 carnivororum
892 3909 1109 3988 animalium
1121 3908 1275 4010 habent,
1302 3912 1558 3992 conformatio
1570 3915 1771 3993 ventriculi
1784 3920 1823 3994 et
1834 3919 1980 4012 motus,
2008 3942 2106 4022 quos

293 4039 493 4141 amplexus
518 4046 597 4133 est,
624 4031 796 4111 ciborum
824 4040 950 4143 pagis
975 4036 1230 4139 progrediens
1257 4064 1329 4141 par
1353 4042 1426 4117 est
1482 4039 1775 4118 omnivoromm
1788 4039 2004 4119 animalium
2015 4067 2106 4121 ven·

293 4160 422 4240 niceti
445 4161 785 4238 conformationem
798 4157 1114 4239 interlrerlvivora
1140 4166 1179 4242 et
1205 4167 1405 4243 carnivora
1430 4163 1592 4243 medinm
1618 4169 1750 4244 unere
1776 4166 2013 4246 manifestius
2032 4172 2105 4266 est,

295 4314 406 4393 qnam
433 4293 477 4361 ut
503 4283 690 4386 explicari
711 4309 872 4364 necesse
899 4288 962 4362 sit.
1017 4287 1080 4363 ne
1105 4283 1243 4366 bestiis
1268 4292 1394 4367 antem
1421 4293 1517 4368 eatis
1545 4290 1685 4368 (lictum
1712 4293 1784 4369 est.
2110 4300 2115 4311 '

899 4527 1076 4611 &qnae
1096 4529 1214 4594 Muta
1239 4550 1304 4595 cn
1318 4532 1509 4595 meaa·

427 4662 550 4736 Vento
578 4680 680 4735 nnnc
708 4655 757 4733 ed
782 4657 947 4737 hominis
973 4684 1059 4736 cum
1086 4660 1149 4737 his
1174 4665 1509 4765 comparationem.
1562 4665 1747 4743 Protinus
1759 4664 1822 4745 hie
1840 4655 2104 4773 apparetgra·

292 4789 447 4863 rissim
471 4781 539 4859 illa
565 4779 802 4878 observatio,
843 4809 942 4888 quae
965 4789 1007 4863 in
1035 4783 1195 4864 lirmsis
1221 4784 1450 4879 animalibus
1477 4793 1700 4871 oranter
1723 4793 1960 4893 exstiterint,
2000 4792 2104 4898 apud

293 4909 482 4988 lvominem
508 4912 549 4984 tn
576 4908 738 4986 sirmis
756 4900 993 4988 ‘vdcmcinis
1018 4906 1312 4992 menoeceus
1334 4933 1455 5016 posse
1482 4918 1593 5015 criti,
1632 4919 1692 4995 sle
1719 4915 1875 5024 atejus
1913 4918 2103 4998 ventricu-
2142 4905 2146 4913 ’

188 5074 192 5078 -
293 5034 354 5111 lna
392 5039 433 5110 in
469 5041 670 5139 numqua
703 5031 910 5112 'venlrlcdl
942 5034 1166 5116 ΜΠ
1204 5039 1550 5123 meren
1578 5040 1769 5122 declinare
1800 5042 1946 5148 pontit,
1986 5038 2103 5149 pient
