4830 6188
1174 348 1484 504 30ἰ

297 641 369 690 nse
407 619 578 705 assatae,
620 633 754 710 parum
781 607 969 706 [mutatae
1011 603 1235 707 superficies
1269 603 1439 711 quidem,
1480 608 1633 684 minime
1649 601 1757 683 ,varo
1788 611 1973 685 interiora
2005 608 2114 687 acide

299 735 523 841 reogebant·

428 857 642 939 Venti-iculi
669 841 793 933 motus
820 860 860 931 in
887 859 999 956 parte
1025 853 1199 959 pylorica
1226 852 1439 949 evidentes,
1463 856 1506 930 in
1532 852 1652 932 fundo
1673 861 1744 939 ,vix
1769 857 1963 934 manifesti
1989 864 2114 936 eraut.

128 1056 130 1060 .
297 990 391 1065 Gavi
418 985 587 1062 thoracis
613 983 833 1083 ventrisque
860 982 1063 1082 temperies
1090 978 1237 1081 gradus
1264 982 1315 1058 31
1344 978 1382 1080 ἦ
1409 980 1464 1058 Β.
1486 975 1737 1084 adaequabat.

1067 1228 1271 1313 Expertus.
1306 1229 1339 1294 5.

602 1351 726 1422 osum,
744 1346 828 1409 salmo
845 1348 999 1430 tnmigrtns,
1015 1346 1151 1428 llereagus
1167 1346 1385 1427 salitanmuilla,
1402 1347 1500 1409 bubula
1518 1360 1545 1409 at
1561 1353 1698 1410 mecine
1715 1350 1792 1411 elixa
2122 1415 2129 1422 ,

432 1486 530 1564 Gaui
559 1480 705 1559 mediae
731 1478 1023 1582 magnitudinis,
1055 1506 1126 1582 par
1152 1487 1423 1582 nyctaemeron
1435 1475 1591 1585 jejuno,
1631 1489 1783 1558 ostreae
1803 1508 1892 1578 sex,
1927 1483 2114 1565 salmonte

294 1613 469 1715 fumigati
494 1609 631 1685 unciae
658 1604 773 1701 dnae,
800 1603 963 1707 harengi
991 1603 1095 1680 saliti
1119 1608 1235 1681 uncia
1260 1630 1355 1702 una,
1388 1604 1525 1683 suillae
1550 1603 1677 1683 elixae
1702 1609 1838 1684 unciae
1864 1615 2032 1712 quotam
2055 1594 2130 1685 to?

223 1802 229 1817 ,
274 1737 486 1844 xti‘domque
516 1734 653 1808 unciae
686 1731 813 1806 carnis
847 1727 974 1808 elixae
1006 1732 1227 1806 vervecinae
1259 1736 1299 1806 at
1328 1727 1499 1808 bubulae
1537 1727 1811 1808 offerebantur.
1866 1735 1964 1809 Post
1995 1717 2123 1810 boras

294 1889 367 1943 sex
392 1857 634 1939 interiectum
663 1862 722 1934 est
748 1853 899 1931 animal.
955 1856 1137 1950 Ostreae,
1178 1862 1341 1957 excepto
1373 1859 1490 1933 nnius
1520 1855 1694 1934 musculo
1722 1854 1958 1951 obturatore,
1984 1859 2117 1959 diges-
2203 1892 2215 1904 ·

294 2001 358 2066 toa
384 1989 707 2086 erantearumquo
733 1982 865 2081 partes
892 1983 932 2056 in
959 1978 1093 2083 cbymo
1119 2006 1200 2056 non
1226 1979 1391 2082 amplius
1422 1984 1667 2083 perspicuas,
1708 1984 1837 2060 carnis
1868 1980 2004 2060 suillae
2036 1989 2115 2062 ter·

294 2117 365 2209 tia,
391 2111 611 2189 vervecinas
639 2114 677 2183 et
701 2102 871 2181 bubulae
899 2114 1034 2209 quarta
1059 2129 1152 2207 pars
1179 2112 1263 2182 erat
1289 2104 1436 2204 soluta3
1462 2133 1557 2208 prae
1574 2109 1713 2184 ceteris
1729 2134 1823 2184 caro
1839 2104 1987 2188 bubula
2003 2107 2115 2187 scida

196 2324 198 2329 7
293 2231 492 2341 reagebat.
546 2231 744 2311 Salmonis
770 2228 937 2307 frustula
962 2233 1088 2331 magis
1116 2228 1266 2335 quidem
1295 2233 1542 2328 comminuta,
1573 2230 1644 2308 sed
1676 2236 1742 2308 vix
1774 2231 1944 2335 digesta,
1976 2231 2114 2323 bucn-
2168 2312 2172 2325 ,

180 2440 185 2450 ,
293 2389 369 2467 gus
386 2359 481 2438 nibil
497 2364 664 2436 mutatus
681 2381 753 2457 per
769 2353 1008 2456 superficiem
1025 2359 1188 2451 tantum,
1215 2357 1366 2432 mininie
1384 2382 1455 2456 per
1470 2358 1673 2452 interiora,
1702 2354 1811 2433 acide
1829 2353 2028 2460 reagebot.

498 2683 501 2686 ¹
1058 2603 1265 2691 Expertae.
1298 2605 1332 2671 6.

396 2768 398 2772 »
623 2726 739 2788 nam·
757 2705 1553 2799 aua‚·aa,en2‚snaaaaae0a1ua'ena
1590 2728 1772 2800 ‹noma›
1981 2806 1988 2813 ‚

428 2854 584 2940 Fetibus
623 2853 773 2934 duabus
810 2855 1063 2956 semiadnllis,
1109 2885 1180 2959 per
1225 2856 1424 2936 duodecim
1468 2856 1586 2935 boras
1620 2858 1785 2964 jejunis,
1827 2857 1939 2936 simul
1978 2866 2112 2960 partos

295 2992 445 3067 circitor
483 2983 665 3088 aequales
711 2984 838 3058 carnis
884 2981 1065 3060 vitulinae
1107 2981 1264 3082 crudae,
1318 2981 1445 3069 elixae
1485 2990 1524 3060 et
1563 2992 1734 3080 assatae,
1780 3010 1852 3062 nec
1898 3010 1977 3063 non
2018 3010 2110 3061 caro

296 3112 399 3193 elixa
433 3106 582 3189 bubula
619 3116 658 3186 et
700 3132 792 3184 caro
831 3111 957 3185 esocis
994 3106 1084 3185 lucii
1124 3106 1229 3185 elixa
1265 3106 1315 3192 ad
1360 3110 1574 3187 satiantem
1618 3105 1909 3188 exhibebantur.
1978 3108 2111 3187 Altera

296 3234 425 3316 folium
449 3243 544 3337 post
554 3232 688 3311 horam
701 3235 946 3334 interempta,
974 3232 1205 3311 ventriculus
1231 3231 1398 3337 undique
1425 3236 1529 3310 eirca
1545 3229 1656 3311 cibos
1673 3242 1914 3331 contractus,
1942 3232 2013 3311 sod
2028 3259 2110 3317 mor

208 3406 212 3425 ·
295 3369 359 3440 tus
385 3386 527 3464 expers
553 3359 750 3461 apparuit3
776 3357 944 3460 digestio
970 3381 1105 3459 parum
1132 3359 1389 3460 processerat
1442 3359 1556 3436 llnaa
1583 3362 1736 3438 circiter
1758 3359 1883 3463 chymi
1906 3358 2111 3443 drachmae

294 3513 416 3591 prope
458 3484 636 3588 pylornm
676 3484 788 3558 erant
831 3479 1035 3580 collectae,
1075 3465 1232 3588 totaque
1279 3480 1452 3560 ciborum
1497 3483 1618 3563 moles
1664 3482 1819 3588 glomus
1858 3483 2007 3562 fecerat
2044 3500 2120 3561 σοι’

294 3610 476 3704 haerens,
503 3611 543 3684 in
571 3634 647 3711 quo
673 3610 802 3684 variae
829 3610 961 3708 partes
989 3604 1182 3685 difficilius
1216 3606 1549 3704 discernebantur,
1582 3634 1696 3711 qnam
1723 3608 1827 3711 apud
1853 3636 1987 3706 canes,
2014 3605 2110 3713 qno'·

295 3739 397 3814 niam
429 3730 527 3810 seles
559 3730 741 3810 elimenta
771 3727 1035 3809 manducando
1068 3735 1193 3835 magis
1227 3736 1501 3829 comminuunt,
1542 3757 1659 3811 canes
1684 3757 1776 3809 vero
1807 3731 1958 3839 majora
1982 3731 2109 3811 nasa

195 3933 197 3936 Α
296 3858 491 3935 devorant
548 3854 784 3961 Superlieies
810 3853 995 3958 glomeris
1027 3852 1163 3935 cibarii
1185 3863 1225 3934 in
1248 3860 1359 3959 parte
1383 3855 1576 3955 cardiaco,
1603 3853 1672 3934 ubi
1688 3854 1870 3955 alimenta
1886 3855 1980 3935 nibil
1998 3861 2110 3934 mont

295 3985 454 4079 mnata,
482 3989 657 4059 nentrum
682 3978 909 4084 praestabat
932 3984 1183 4079 reactionem,
1209 3982 1335 4060 modio
1360 3984 1465 4059 iuter
1489 3980 1655 4060 cordiam
1682 3984 1798 4087 atque
1824 3982 2000 4085 pylorum
2018 3979 2107 4058 loco
2190 4087 2192 4090 Α

297 4107 431 4187 charta
457 4106 633 4185 caerulea
651 4106 805 4209 paulum
831 4101 1082 4213 rubescebat,
1111 4113 1213 4184 cirea
1244 4111 1369 4209 ipsum
1396 4105 1573 4212 pylorum
1600 4110 1710 4186 tanta
1734 4105 2020 4208 producebatur
2044 4134 2109 4186 ru·
2154 4201 2162 4209 ,

294 4229 415 4329 bado,
444 4235 622 4335 quantam
653 4231 813 4335 chpmus
845 4227 1023 4336 proferre
1056 4233 1169 4311 solet.
1224 4234 1329 4318 Toto
1361 4231 1535 4335 glomere
1566 4232 1680 4310 cultri
1712 4256 1788 4334 ope
1819 4237 1859 4309 in
1893 4232 1988 4335 duas
2018 4259 2120 4335 para,
2245 4295 2249 4301 .

295 4363 357 4437 tes
383 4354 524 4451 diviso,
550 4355 709 4458 gradus,
736 4356 786 4435 ad
813 4383 925 4462 quem
950 4362 1109 4436 acuerat
1125 4354 1234 4435 cibus
1248 4363 1356 4434 circa
1366 4357 1568 4437 ventriculi
1593 4360 1762 4461 parietes
1789 4361 1830 4435 et
1853 4364 1896 4436 in
1920 4355 2106 4461 glomeris

296 4479 432 4564 cibarii
458 4478 706 4560 interioribus
733 4478 929 4589 partibus,
956 4482 1060 4562 baud
1086 4481 1259 4562 dvorsus
1285 4483 1568 4581 inveniebatur,
1603 4509 1735 4560 versus
1761 4483 1938 4587 pylomm
1964 4486 2108 4578 mnan,

294 4613 339 4687 nt
369 4613 409 4686 in
447 4603 607 4710 reliquis
631 4593 844 4712 exemplis,
884 4605 1113 4713 augebatur.
1178 4612 1347 4688 Maxime
1392 4608 1545 4712 digesta
1581 4604 1794 4712 apparebat
1831 4634 1923 4686 caro
1958 4603 2107 4686 habuis

296 4732 414 4829 elixa,
448 4731 561 4809 simili
588 4730 669 4810 iere
696 4733 809 4811 modo
836 4760 928 4812 caro
953 4734 1114 4815 vitulina
1140 4733 1259 4832 elixo,
1293 4738 1422 4812 minus
1443 4731 1586 4830 cruda,
1626 4762 1717 4813 caro
1745 4737 1877 4812 assata
1902 4738 2108 4837 piscesque

295 4861 394 4937 cocti
420 4863 485 4936 vix
512 4859 658 4934 mutati.
1414 4875 1422 4889 =
