4830 6188
1178 469 1266 560 57¹
1412 448 1418 471 “

297 658 454 738 rubram
486 656 663 753 vertitur,
703 661 736 733 si
770 658 903 736 oborta
933 682 1011 760 per·
1036 656 1192 762 aliquod
1223 662 1387 761 tempus·
1407 665 1487 735 utri
1515 663 1738 760 exponitur,
1767 667 1823 739 sie
1847 667 1892 740 ut
1913 666 2116 744 verisimile
2246 685 2251 699 ·

154 816 163 829 ·
291 784 351 865 ‘sit
381 785 453 864 buo
485 811 528 861 ro
562 778 675 859 aloali
706 781 861 860 volatile
894 783 1127 860 denunciari.
1181 786 1262 862 Noe
1294 788 1420 859 minus
1450 790 1652 903 praeterea
1685 784 1833 864 uadum
1867 780 2116 887 muriatioum,

297 937 372 1014 ope
398 911 590 1012 epistomii
616 910 728 985 vitrei
755 906 896 984 salivae
922 906 1133 1006 admotum,
1161 905 1374 989 nubeculas
1393 932 1544 985 crassas
1569 915 1748 987 ammonii
1766 917 1954 1008 muriatioi
1975 918 2115 1017 gignit

297 1039 395 1113 (lum
422 1031 545 1111 saliva
577 1031 723 1108 fervida
748 1059 821 1133 per·¹
844 1030 1001 1135 aliquod
1030 1035 1185 1134 tempus
1212 1059 1330 1134 supra
1356 1036 1485 1136 ignem
1511 1036 1656 1130 manet,
1688 1038 1908 1132 maximam,
1943 1039 2011 1115 sed
2038 1067 2117 1116 non

297 1185 447 1237 omnem
475 1153 656 1235 alcolioae
682 1155 824 1235 inslolis
851 1160 1000 1259 partem
1031 1160 1188 1253 amittit,
1229 1183 1353 1262 nequa
1384 1162 1509 1234 minus
1542 1156 1674 1234 eburis
1704 1155 1841 1255 rubra,
1882 1165 1968 1260 ipsa
2000 1162 2118 1239 saliva

296 1281 460 1381 imbuta,
488 1263 651 1385 indeque
684 1279 860 1357 caerulea
891 1281 1011 1376 faeta,
1053 1280 1269 1359 caeruleum
1301 1281 1469 1360 colorem
1500 1285 1656 1383 partim,
1698 1286 1826 1361 tanum
1859 1312 1938 1360 non
1964 1291 2118 1386 penitus

191 1506 197 1513 ι
297 1411 455 1504 amittit,
496 1413 554 1485 sio
590 1409 634 1481 ut
671 1408 825 1507 praeter
859 1403 971 1483 uloali
1007 1405 1163 1484 volatile
1199 1409 1318 1483 eiiam-
1348 1405 1531 1484 minerule
1562 1406 1752 1511 quoddam
1785 1405 1896 1485 aloali
1927 1413 1968 1486 in
2000 1410 2118 1488 saliva

301 1536 489 1611 exsistere
515 1529 589 1611 boe
614 1529 731 1604 modo
757 1529 960 1606 indicetur.
1015 1528 1147 1607 Salina
1174 1534 1369 1607 exsiccata
1394 1557 1474 1607 non
1500 1534 1625 1608 minus
1652 1530 1849 1609 nloalieam
1871 1530 1988 1611 babet
2009 1535 2118 1612 indo·

173 1742 176 1747 ,
300 1660 387 1735 lem.
439 1656 646 1735 Praeterea
672 1679 763 1728 vero
790 1659 1002 1730 memoratu
1029 1655 1187 1756 dignum
1214 1657 1275 1731 est
1301 1655 1457 1734 salivam
1485 1661 1714 1735 exsiccatam
1744 1655 1896 1762 adjecto
1926 1656 2004 1736 lali
2029 1684 2117 1736 oan-

180 1883 189 1893 ,
303 1788 398 1859 stieo
425 1781 548 1860 adhue
574 1776 784 1880 paullulmn
812 1784 990 1871 ammonii
1018 1777 1143 1856 edere.

434 1904 568 1983 Salina
593 1901 738 1981 fervida
764 1929 844 1995 non
871 1903 1072 1999 ooaleseit,
1115 1903 1185 1980 sed
1215 1899 1410 1982 bulliendo
1443 1904 1771 1983 vehementissimo
1799 1911 1967 2008 spumat,
2008 1912 2118 1986 ooota
2178 1926 2188 1939 ‘

301 2057 389 2106 vero
418 2038 509 2133 post
535 2026 691 2132 aliquod
716 2031 867 2128 tempus
895 2054 1074 2127 spumare
1101 2027 1258 2128 desinit,
1286 2029 1632 2107 volminussaltem
1652 2034 1805 2133 spumat
1823 2056 1936 2134 quom
1950 2040 2074 2110 antea.

419 2152 644 2247 *Quomodo
674 2151 734 2229 lae
760 2156 831 2254 per
859 2150 1014 2230 salivam
1041 2152 1288 2254 coaguletur,
1317 2157 1578 2257 experimento
1607 2160 1672 2233 44.
1701 2155 1842 2233 dietum
1870 2159 1942 2232 est.
1983 2217 1989 2239 .

1054 2454 1263 2544 Euporia.
1298 2457 1354 2527 116.
1423 2496 1426 2503 ·

719 2592 810 2654 Sellva
828 2582 932 2676 equina.
967 2595 1118 2674 Quantitas.
1151 2596 1261 2658 Pondus
1277 2594 1438 2681 specificam.
1473 2592 1582 2656 indoles
1598 2597 1717 2657 aialim
1846 2592 1850 2599 ’

415 2694 503 2800 Ἧι·
529 2720 797 2802 celeberrimus
828 2726 1023 2829 llertwig,
1064 2729 1105 2803 in
1137 2697 1273 2806 sobole
1302 2729 1528 2806 veterinaria
1558 2723 1777 2829 professor,
1818 2734 1927 2803 inme
1953 2730 2117 2829 rogatus

299 2859 339 2928 in
366 2878 465 2955 equo
493 2849 644 2926 ductum
673 2850 940 2929 stononianum
966 2851 1100 2929 lateris
1128 2850 1255 2931 dextri
1269 2849 1550 2948 denudandum,
1577 2850 1897 2955 patefactumque,
1924 2846 1992 2927 ubi
2007 2852 2057 2930 ad
2071 2880 2117 2930 os

300 2972 439 3070 tendit,
479 2970 777 3053 abscindendum
812 2978 974 3073 curavit,
1017 2980 1072 3052 sic
1098 2977 1209 3053 utin
1235 2983 1381 3081 partem
1409 3002 1430 3054 e
1456 2974 1880 3078 glandularenientem
1906 2974 2118 3085 oanebpula

196 3197 203 3208 .
301 3097 513 3210 orichalca·
526 3126 611 3176 oum
638 3104 780 3198 vesica,
807 3104 848 3178 in
875 3127 987 3205 quam
1014 3099 1137 3185 saliua
1163 3099 1395 3180 descendere
1421 3102 1573 3206 posset,
1599 3101 1749 3177 immitti
1775 3096 1904 3205 ibique
1928 3097 2008 3176 lino
2034 3099 2117 3179 alli·
2261 3128 2271 3141 ⁸

299 3228 386 3329 gari
418 3232 565 3326 posset.
595 3227 809 3327 'Operatio
842 3225 937 3303 baso
974 3224 1076 3303 iacta
1114 3228 1176 3303 est
1208 3226 1270 3303 die
1300 3226 1360 3303 1x
1392 3228 1481 3303 aute
1511 3223 1707 3304 llulentlus
1740 3221 1978 3302 Decembres
2013 3228 2116 3306 1833

299 3350 395 3424 hora
428 3353 614 3426 matutina
647 3348 805 3426 decima.
864 3351 977 3453 Equo
1009 3339 1049 3427 in
1083 3347 1276 3428 stabulum
1307 3348 1466 3429 reducto
1500 3354 1677 3452 protinus
1709 3344 1892 3455 pabulum
1921 3376 1971 3428 ex
1997 3376 2117 3428 avena

301 3470 577 3574 praebebatur,
618 3476 662 3549 ut
705 3472 789 3581 ejus
828 3477 1072 3552 incitamento
1107 3473 1225 3552 saliva
1257 3474 1470 3553 eliceretnr.
1524 3472 1779 3552 Nihilominus
1811 3501 1902 3550 vero
1934 3474 2008 3550 boc
2042 3473 2114 3569 die,

300 3623 348 3672 ne
375 3602 414 3673 in
442 3603 557 3699 pastu
584 3596 734 3703 quidem
760 3604 996 3703 vespertino,
1034 3598 1115 3676 ulla
1146 3598 1265 3677 saliva
1296 3604 1337 3677 in
1363 3603 1490 3678 vesica
1521 3595 1691 3676 confluit.
1744 3600 1827 3675 Neo
1852 3599 1978 3701 magis
2005 3625 2115 3677 mane

301 3724 497 3827 sequentis
536 3721 610 3800 diei
643 3723 739 3802 bora
766 3729 791 3802 6
821 3722 939 3801 salira
970 3725 1010 3801 in
1042 3727 1206 3801 vesicam
1245 3723 1453 3803 deseendit.
1512 3724 1620 3800 liora
1656 3747 1748 3812 itero
1785 3726 1820 3820 7,
1853 3718 1921 3799 nbi
1960 3720 2114 3800 solitum
2228 3818 2232 3831 Ι

147 3834 152 3847 ’
300 3830 452 3960 pastum
486 3849 651 3948 accepit,
690 3849 802 3951 largo
837 3846 945 3924 lluxu
978 3846 1096 3927 saliva
1128 3851 1255 3951 coepit
1292 3874 1490 3967 apparere.
1549 3847 1673 3952 nque
1711 3843 1762 3922 ab
1794 3845 1869 3923 boo
1900 3846 1989 3924 indo
2021 3847 2114 3925 tem·

298 3995 395 4071 pore
422 3969 563 4072 collegi
588 3969 658 4047 bas
684 3975 901 4071 portiones:
928 4060 931 4065 ¹
1693 4023 1695 4026 >

466 4104 498 4172 1.
555 4092 728 4203 ab'bora
782 4094 883 4174 iod
939 4101 1094 4185 {linter¹
1116 4099 1269 4198 pastum
1415 4100 1547 4174 uncias
1578 4101 1640 4174 12.

461 4226 497 4297 2.
610 4263 656 4277 -
774 4224 877 4297 9-
911 4220 1259 4328 121nterjejunia
1447 4264 1494 4280 -
1581 4223 1703 4327 litet
1735 4217 1931 4299 buebmas
1964 4224 2004 4300 9.

461 4350 497 4422 3.
610 4388 656 4404 ·-
750 4350 798 4423 12
830 4387 876 4401 -
935 4349 1087 4423 3inter
1113 4347 1264 4446 pastum
1292 4343 1486 4424 meridien.
1577 4349 1624 4424 13
1710 4385 1756 4401 -
1843 4385 1890 4403 -
1962 4347 2000 4426 7.

461 4475 499 4546 l.
610 4509 656 4525 -
767 4468 1487 4576 3-5-jejunia--
1599 4473 1999 4549 7—-3.

459 4597 496 4673 5.
609 4636 655 4651 -
767 4594 791 4671 5
818 4597 1036 4700 vespertina
1060 4594 1268 4689 alborum
1296 4600 1321 4672 8
1348 4597 1468 4671 matu·

617 4722 736 4794 mam
763 4721 959 4823 sequentis
987 4719 1062 4797 diei
1087 4721 1175 4811 ante
1201 4730 1355 4825 pastum
1444 4761 1491 4778 -·
1577 4704 1653 4796 11Ι
1710 4760 1757 4776 -
1844 4761 1890 4777 -
1960 4722 1999 4795 4.

1471 4842 2059 4871 *Μ

362 4962 367 4967 .
460 4899 584 5001 igitur
623 4899 771 4999 parotie
812 4895 960 5010 doubs·
987 4886 1088 4977 intro
1133 4902 1186 4980 24
1231 4897 1350 4977 boras
1388 4922 1460 4999 per

621 5027 748 5100 omnia
772 5021 915 5127 largito
942 5030 1025 5102 erat
1133 5067 1181 5084 -
1294 5066 1341 5082 ·-
1442 5062 1489 5083 -
1574 5024 1625 5102 55
1711 5062 1757 5081 -
1842 5059 1889 5078 ·-
1961 5024 1999 5100 7.

1658 5149 1683 5222 8
