4830 6188
1075 420 1162 553 109

207 668 376 745 lonicum
404 653 586 739 exbibens
611 654 788 733 effectum
817 658 856 730 in
885 662 1026 731 motum
1054 656 1321 731 intestinorum
1347 650 1634 754 peristalticum.
1670 653 1871 759 Siquidem
1898 606 2025 733 motus

64 874 68 879 ,
208 789 485 891 elanguescens
512 788 625 886 atque
653 779 919 884 spasmodicus
945 780 1116 856 intestini
1145 781 1249 855 coeci
1278 784 1317 853 et
1344 780 1466 875 crassi
1493 802 1563 877 per
1589 774 1680 855 bilis
1698 776 1940 881 largitionem
1960 807 2025 857 ro·

207 909 415 992 notabatur
441 915 556 1010 utque
583 910 622 982 in
650 909 841 1008 integrum
867 900 1153 981 restituebatur.
1208 901 1312 978 Sunt
1336 901 1575 1006 physiologi,
1618 907 1683 1007 qui
1711 902 1855 1002 dicant,
1895 903 2023 1004 bilem,

206 1037 309 1118 velut
338 1034 641 1126 incitamentum,
682 1033 949 1109 intestinorum
981 1036 1123 1105 motum
1158 1032 1324 1105 excitare
1358 1037 1472 1132 atquo
1515 1028 1749 1128 accelerare,
1791 1030 1860 1108 sed
1898 1040 2023 1110 tamen
2066 1064 2069 1069 ’

206 1164 311 1242 illum
340 1157 515 1237 effectum
542 1181 620 1231 nou
648 1158 876 1233 excitantem
904 1155 1186 1229 nominaverim.
1241 1154 1391 1230 Etenim
1418 1179 1489 1253 per
1516 1180 1606 1232 vera
1637 1159 1904 1233 intestinorum
1931 1160 2024 1234 inci·

205 1287 374 1362 mmenta
400 1280 504 1357 velut
529 1284 719 1375 aromata,
761 1278 809 1355 ‹le
843 1273 980 1381 quibus
1013 1275 1256 1381 supradixi,
1296 1279 1424 1354 motus
1451 1280 1516 1356 isti
1544 1283 1671 1357 vitiosi
1698 1279 1808 1358 valde
1834 1272 2046 1360 incresce'
2102 1268 2105 1272 ¹

205 1407 318 1504 bant,
362 1432 447 1483 cunr
475 1431 546 1506 per
572 1400 685 1484 bilem
714 1402 953 1482 sedarentur.
1008 1401 1179 1478 Effectus
1207 1404 1326 1505 igitur
1353 1401 1417 1480 ille
1449 1430 1528 1480 non
1562 1408 1735 1483 excitans
1769 1405 1839 1483 sed
1866 1405 2023 1485 lirmons

205 1538 280 1609 vim
314 1529 569 1609 musculorum
610 1528 745 1629 auget,
785 1530 899 1630 etque
932 1524 1021 1603 inde
1058 1525 1218 1629 pendet,
1258 1525 1362 1631 quod
1401 1527 1526 1635 major
1556 1525 1648 1607 bilis
1681 1529 1837 1633 largitio
1871 1557 2022 1634 semper
2167 1516 2173 1524 ¹

205 1658 287 1735 lere
313 1656 527 1759 longiorem
555 1677 700 1729 mororn
728 1646 899 1729 ciborum
927 1654 967 1728 in
995 1655 1187 1729 intestinis
1215 1655 1349 1729 evocat
1376 1653 1576 1759 oleumque
1609 1653 1743 1732 (lunam
1771 1660 1885 1759 atque
1920 1681 2027 1749 com,
2155 1670 2158 1675 ’

205 1788 354 1883 pactum
387 1779 495 1872 facit,
537 1800 694 1879 quarum
722 1803 848 1871 rerum
882 1781 1113 1853 contrarium
1141 1804 1165 1852 a
1196 1781 1297 1856 voris
1324 1778 1590 1855 intestinorum
1627 1783 1883 1858 incitamentis
1920 1780 2021 1858 ellici

204 1903 387 1983 ridemus.
440 1901 526 1977 Hoc
554 1900 668 1978 molo
696 1899 849 1977 tumlem
875 1897 963 1978 bilis
989 1904 1109 1977 totam
1138 1900 1389 2004 digestionem
1417 1891 1728 2008 absolutaeque
1755 1905 1922 2008 perficit,
1963 1910 2021 1982 sie

202 2031 247 2105 ut
279 2052 411 2104 omnes
440 2034 575 2127 -partes
607 2021 755 2103 alibiles
784 2021 932 2103 coibis
965 2022 1235 2122 extrahantur,
1278 2051 1401 2129 neque
1435 2031 1656 2106 remaneant
1688 2035 1763 2108 uisi
1796 2056 1881 2127 eac,
1923 2056 2020 2138 quae

204 2152 311 2229 nolae
339 2147 388 2226 ab
417 2156 519 2228 omni
545 2155 657 2253 parte
685 2145 937 2226 immutabiles
966 2152 1076 2252 quasi
1102 2150 1274 2253 perlecta
1301 2146 1563 2230 elaboratione
1592 2152 1802 2233 exhaustae
1831 2166 1868 2233 et
1895 2161 2019 2234 exsic-

204 2284 309 2352 catae
337 2301 421 2353 cum
447 2271 524 2353 bile
551 2281 591 2352 iu
619 2273 715 2352 dura
743 2283 985 2352 excremento
1011 2270 1153 2351 obeunt
1181 2279 1296 2380 etque
1322 2278 1403 2352 tum
1430 2304 1501 2378 per
1527 2279 1654 2358 alvum
1683 2279 1929 2359 descendunt.
