4830 6188
1308 377 1367 464 ‘22
1506 454 1509 459 .

567 578 626 656 Ad
653 575 718 653 illa
744 572 882 650 indicia
907 568 1009 646 sellis
1043 571 1165 668 magis
1192 568 1363 643 minusve
1398 568 1534 641 secreti
1567 566 1680 641 etiam
1706 563 1746 640 id
1770 568 1959 667 pertinet,
1987 556 2091 669 quod
2117 592 2252 644 excre-

134 676 140 683 ’
188 733 191 740 ·
316 771 320 778 .
434 706 562 785 menta
594 703 703 778 lusca
741 697 895 772 chartae
928 689 1068 768 rubrae
1100 690 1254 766 admota
1287 693 1423 799 magis·
1450 694 1619 765 minusve
1653 687 1850 765 alcalicam
1880 687 2075 767 habebant
2106 694 2251 788 notam,

427 832 532 913 'tlava
557 826 616 904 vel
644 817 860 924 suppallida
884 816 1016 925 charte
1042 814 1216 891 caerulea
1248 816 1351 889 taeta
1377 816 1416 888 in
1444 815 1617 889 neutram
1649 816 1795 914 partem
1828 811 1996 917 agebant
2027 815 2087 893 vel
2120 818 2253 920 utique
2286 878 2289 883 .

438 955 585 1036 acidum
613 953 765 1049 signum
794 970 886 1045 prae
915 969 957 1018 se
984 935 1171 1017 terebant.
1323 960 1368 999 „a
2279 953 2282 957 ·

570 1078 704 1166 tiuare
737 1068 812 1145 boc
844 1065 975 1144 videor
1008 1088 1126 1167 posse
1159 1065 1347 1158 statuere,
1389 1058 1522 1137 doses·
1538 1056 1670 1159 elvinii'
1687 1089 1773 1141 esse
1806 1042 2074 1165 temperandas
2107 1091 2157 1139 ex
2191 1092 2252 1158 eo,
2318 1108 2320 1112 ·

436 1205 674 1312 quantopere
701 1193 880 1295 oporteat
906 1193 1040 1291 augeri
1066 1186 1166 1291 sellis
1194 1187 1462 1279 secretionem,
1489 1183 1607 1305 ⁸qnod
1636 1213 1720 1261 cum
1746 1192 1933 1289 cognosci
1959 1191 2085 1290 possit
2111 1215 2161 1264 ax
2189 1215 2255 1265 co-

438 1332 539 1412 lore·
556 1321 900 1409 excrementorum,
942 1338 1065 1415 neque
1097 1315 1221 1386 minus
1255 1335 1305 1385 ex
1338 1335 1470 1384 eornm
1503 1306 1643 1384 effectu
1674 1314 1713 1385 in
1747 1298 1914 1386 chartam
1955 1313 2256 1414 exploratorinm
2317 1332 2320 1337 ’

437 1449 593 1532 rubram
621 1448 686 1522 aut
713 1439 936 1534 caeruleam,
966 1465 1010 1514 ea
1038 1458 1206 1538 quoque,
1234 1436 1397 1536 quantae
1425 1429 1540 1507 doses
1568 1435 1647 1508 sint
1673 1435 1890 1532 sumendae,
1910 1462 2028 1537 posse
2046 1434 2227 1513 indicare.

574 1575 666 1648 Dixi
686 1567 769 1672 jain
802 1564 1023 1666 aliquoties,
1052 1557 1203 1663 quando
1231 1561 1288 1632 vis
1316 1555 1634 1656 chiniisremediis
1661 1554 1897 1634 solventibus
1925 1587 2004 1635 non
2032 1558 2256 1637 turbaretur

439 1702 497 1780 vel
524 1696 775 1785 minueretur,
809 1687 945 1776 doses,
971 1711 1066 1787 qnae
1096 1681 1263 1758 colorem
1290 1679 1436 1757 modice
1464 1678 1612 1755 fuscum
1640 1680 1847 1778 efficerent,
1876 1681 2056 1759 omnibns
2084 1683 2256 1786 reliquis,

440 1852 536 1930 quas
564 1819 747 1909 enarravi,
774 1808 891 1888 rebus
918 1807 1069 1913 adjutas
1084 1810 1265 1908 optimam
1277 1802 1458 1880 habrusse
1472 1808 1558 1878 vim.
1614 1805 1732 1895 Quod
1747 1806 1898 1908 qnando
1914 1807 2063 1904 accidit,
2092 1814 2257 1908 exiguae

367 1958 385 2013 -’
442 1948 558 2025 chinii
591 1940 706 2017 doses
740 1963 859 2040 aeque
892 1935 1057 2035 prosunt
1089 1961 1133 2008 ae
1165 1956 1346 2033 nregnae,
1388 1955 1501 2032 quum
1535 1925 1784 2005 adversantur
1816 1930 1974 2035 reliqua.
2029 1932 2257 2034 Plerumque

444 2097 538 2150 sena
563 2064 623 2142 vel
651 2067 792 2139 octona
827 2057 941 2134 elvinii
974 2080 1097 2158 grana
1130 2053 1299 2157 quotidie
1333 2049 1545 2148 sumebam,
1588 2054 1741 2152 saepius
1774 2057 1901 2143 tamen
1933 2055 1982 2131 ad
2016 2054 2192 2151 duodena
2218 2059 2260 2131 et

445 2201 559 2302 quina
590 2188 690 2265 dena
720 2208 955 2288 progressus
988 2204 1071 2258 snm
1105 2181 1175 2274 ita,
1208 2184 1252 2254 nt
1284 2174 1404 2253 febris
1431 2205 1510 2253 non
1538 2171 1746 2271 desineret,
1787 2204 1901 2280 quum
1930 2182 2080 2283 quando
2109 2184 2259 2256 ceterae

444 2349 508 2399 res
533 2320 577 2393 ut
602 2307 908 2390 homoeobiotice
935 2306 1069 2405 posset
1097 2308 1221 2378 curari
1248 2298 1368 2378 febris
1394 2328 1473 2376 non
1501 2298 1720 2403 obstarent,
1753 2306 1827 2377 etsi
1854 2329 1932 2377 non
1959 2305 2047 2406 plus
2075 2307 2260 2407 quaterna
2336 2394 2339 2401 ¹

445 2445 513 2537 vel
532 2464 627 2517 sena
655 2430 824 2538 quotidie
851 2455 992 2528 grana,
1021 2425 1177 2501 alteram
1206 2429 1351 2525 partem
1379 2428 1471 2525 post
1498 2452 1672 2520 coenam,
1701 2423 1857 2500 alteram
1884 2453 2059 2526 vespere,
2093 2455 2259 2531 moxque

279 2584 286 2597 '
446 2569 539 2648 bina
564 2563 710 2663 tantum
739 2578 992 2653 sumpseram,
1020 2552 1148 2625 tamen
1176 2548 1387 2625 decederet.

529 2786 703 2872 Quomodo
724 2802 888 2872 peruersa
918 2782 1024 2844 victua
1051 2779 1139 2843 ratio
1169 2772 1395 2862 renatorum]
1416 2778 1450 2842 ui
1478 2776 1637 2858 obstaret,
1671 2785 1703 2840 et
1736 2776 1895 2867 promodc
1923 2779 2071 2845 remedia
2099 2804 2181 2845 caruca

971 2925 1015 2968 ex
1030 2922 1192 2990 perverso
1214 2904 1318 2967 aictm
1340 2904 1469 2967 ratione
1493 2913 1601 2967 ortam
1622 2901 1780 2966 levarent.
2227 2878 2230 2883 ¹

585 3063 728 3152 Quum,
755 3053 958 3155 postquam
978 3047 1060 3153 jam
1076 3047 1216 3125 diutius
1244 3042 1365 3124 febris
1378 3072 1437 3123 me
1464 3045 1630 3151 reliquit,
1657 3016 1761 3122 varia
1785 3071 1933 3144 genera
1959 3052 2156 3125 assaturae
2169 3076 2259 3148 num

325 3206 336 3229 ·‘
451 3190 511 3268 vel
538 3175 849 3289 gravissimavel
875 3173 1066 3249 levissima
1092 3175 1279 3248 concocta
1307 3174 1436 3247 essent
1463 3175 1677 3271 experirer,
1704 3196 1753 3245 ne
1780 3166 1913 3265 febris,
1940 3169 1989 3246 ad
2017 3199 2127 3273 qnam
2154 3173 2262 3249 incli-

451 3339 543 3394 nare
560 3302 762 3386 videbatur
778 3303 862 3376 tota
869 3320 955 3374 mea
964 3296 1159 3392 valetudo,
1188 3294 1391 3389 recideret,
1406 3292 1653 3395 „largioribus
1667 3292 1827 3371 dosibus
1842 3294 1956 3371 cbinii
1968 3299 2024 3372 uti
2037 3323 2095 3372 me
2106 3302 2262 3398 oporte·
2325 3342 2333 3357 ·

450 3438 531 3516 bat.
560 3435 652 3524 Qua
665 3433 704 3503 in
718 3453 761 3503 re
775 3451 821 3500 eo
834 3419 1046 3526 majoribus
1059 3420 1108 3496 ad
1120 3417 1257 3497 febrim
1270 3416 1477 3494 tollendam
1490 3446 1590 3521 opus
1604 3446 1690 3496 esse
1704 3418 1888 3515 intellexi,
1916 3447 1993 3522 quo
2008 3425 2132 3522 magis
2158 3449 2261 3519 assa,

451 3562 512 3640 vel
530 3583 606 3663 quo
630 3552 803 3657 planiore
827 3548 1037 3651 qmnuute
1063 3547 1215 3646 sumpta
1238 3543 1361 3639 erant,
1388 3541 1448 3618 vel
1471 3542 1573 3645 quod
1591 3546 1717 3645 magis
1738 3546 1855 3640 tosta,
1884 3542 2134 3645 digestionem
2162 3548 2263 3623 vide·

450 3684 593 3764 bantur
605 3675 799 3780 impedire,
814 3699 928 3775 quum
941 3669 1043 3748 elixa
1055 3668 1181 3747 chinio
1195 3668 1255 3745 vel
1266 3695 1390 3770 pauco
1401 3666 1461 3744 vel
1472 3666 1578 3744 nullo
1590 3672 1745 3744 omnino
1756 3671 1908 3769 sumpto
1921 3674 2261 3772 concoquerentur.

588 3805 755 3905 Signum
781 3794 883 3898 apud
909 3797 1078 3890 mearat,
1106 3792 1210 3896 quod
1235 3791 1285 3869 ad
1312 3795 1511 3868 maximam
1539 3790 1652 3869 elinii
1680 3791 1792 3869 dosia
1819 3818 2069 3894 progressum
2097 3821 2156 3871 me
2174 3823 2277 3872 esse·

453 3932 655 4024 indicaret,
677 3924 825 4032 jecoris
851 3923 892 3999 et
916 3923 1078 3995 maxime
1104 3922 1253 3995 vesicae
1279 3915 1380 3994 sellis
1409 3915 1619 4019 ductamque
1646 3920 1686 3993 et
1717 3917 1853 4021 apstiei
1879 3920 1920 3993 et
1946 3914 2168 3994 cheledochi
2196 3921 2263 3996 do-
2328 3900 2332 3907 ⁵

455 4060 577 4149 lores,
607 4079 703 4156 quos
731 4052 881 4125 etcum
908 4049 1071 4120 maxime
1098 4039 1277 4121 febrirem
1305 4043 1399 4118 satis
1426 4045 1557 4143 aperte
1583 4044 1622 4116 et
1642 4040 1819 4118 distincte
1853 4043 2008 4142 etpost
2039 4041 2261 4123 sentiebam.

366 4160 373 4169 ⁴
457 4184 538 4274 Qui
577 4179 752 4280 qnoniam
790 4175 997 4273 propriamx
1016 4167 1180 4271 aliquam
1219 4163 1413 4243 habebant
1449 4169 1596 4259 nomm,
1637 4168 1936 4267 constanterque
1976 4165 2112 4271 majori
2150 4169 2263 4246 chinii
2337 4160 2342 4165 ’

287 4344 291 4353 ’
406 4367 410 4375 .
456 4305 544 4383 doni
570 4299 707 4376 haustu
732 4292 926 4389 redibant,
953 4292 1041 4369 inde
1069 4291 1170 4367 ellici
1196 4289 1306 4366 facile
1333 4293 1508 4391 poteram
1535 4289 1730 4392 colligere.
1787 4290 1868 4380 uui
1896 4316 1979 4366 cnm
2008 4319 2077 4367 nec
2090 4319 2162 4368 sex
2174 4322 2264 4396 gru.

453 4434 519 4509 nie
548 4421 660 4505 simul
687 4446 759 4497 nee
785 4419 914 4496 decem
942 4420 1084 4494 sensim
1111 4417 1291 4514 sumptis,
1316 4412 1516 4490 ventriculi
1543 4418 1633 4516 post
1660 4440 1819 4491 coenam
1832 4416 1982 4491 actione
1997 4421 2165 4512 evocata,
2197 4447 2264 4495 cx-

458 4551 685 4642 citarentur,
730 4542 859 4620 decem
889 4545 1024 4645 granis
1056 4566 1127 4643 per
1158 4539 1292 4616 boram
1325 4539 1475 4616 circiter
1514 4543 1698 4641 imprimis
1736 4541 1826 4616 ante
1857 4566 2016 4617 coenam
2053 4545 2276 4675 ventriculo¹

292 4642 295 4647 Ι
342 4667 344 4671 ’
459 4677 519 4756 vel
546 4676 649 4753 inani
675 4664 735 4745 vel
760 4693 894 4768 parum
921 4666 1069 4769 repleto
1095 4664 1260 4761 haustis,
1288 4690 1437 4766 semper
1464 4660 1732 4739 afferebantur.

591 4797 742 4875 Etenim
770 4792 990 4867 constanter
1015 4788 1055 4866 id
1082 4788 1254 4865 evenisse
1282 4774 1479 4863 observavi
1506 4792 1560 4881 ut,
1587 4785 1636 4861 ad
1665 4785 1915 4889 digestionem
1941 4787 2110 4886 perfecte
2136 4788 2265 4870 absol-

459 4923 619 5004 vendam
647 4914 805 4995 dosibus
834 4911 947 4988 chinii
974 4936 1020 4988 eo
1047 4908 1281 5013 largioribus
1309 4939 1407 5012 opus
1435 4914 1554 5006 esset,
1583 4939 1658 5015 qno
1685 4911 1745 4988 vel
1772 4911 1963 5013 pleniores
1990 4912 2049 4988 vel
2067 4921 2265 5015 graviores
