4830 6188
1306 364 1485 509 ιι

978 735 1093 817 Quae
1126 733 1300 802 mortam
1316 734 1703 836 resuscitaverint

568 862 738 961 Quum
719 888 802 970 Jam
830 860 896 939 diu
922 854 1109 941 liberatus
1138 889 1262 940 essem
1289 889 1314 938 a
1330 860 1451 961 labri,
1481 865 1596 940 etiam
1624 862 1895 965 perfrictiones
1920 868 2022 943 eutis
2056 776 2255 968 [rigidam-

317 1048 320 1055 ·
428 1001 508 1104 'qua
534 1017 670 1099 aquam
696 989 870 1066 haustam
896 989 1064 1069 tormina
1089 986 1211 1065 eidem
1237 988 1479 1090 palpitationt
1498 987 1637 1094 juncta
1661 992 1703 1065 ln
1737 990 1920 1067 intestino
1939 1016 2074 1067 crasso
2099 1016 2255 1107 morere

419 1117 701 1213 animadverti,
729 1138 895 1218 eoque
880 1110 995 1188 modo
1023 1109 1144 1190 lebrls
1170 1108 1233 1188 bis
1259 1114 1448 1214 repetivit.
1504 1116 1664 1211 contra,
1691 1114 1845 1217 quaudo
1872 1110 2123 1192 cibosetiam
2128 1104 2256 1192 minus

286 1240 292 1251 ’
322 1262 327 1273 ’
432 1245 569 1327 faciles
592 1240 646 1320 ad
674 1215 986 1342 concoquendum
1014 1235 1183 1333 ederam,
1212 1235 1339 1312 dum
1327 1241 1403 1339 rpsi
1431 1239 1609 1315 arentin
1636 1238 1868 1336 ventriculo,
1901 1264 2024 1343 nsque
2052 1240 2164 1317 simul
2191 1267 2258 1317 so·

433 1372 545 1452 litum
572 1393 707 1445 sanum
732 1363 1004 1439 incrementum
1032 1361 1195 1437 actionis
1221 1364 1394 1438 intestini
1420 1365 1526 1440 eoeei
1539 1360 1764 1460 accedebat,
1791 1390 1983 1465 nunquam
1997 1390 2120 1469 neque
2133 1363 2258 1443 lebria

435 1522 560 1602 neque
587 1490 662 1568 alia
687 1514 749 1566 me
775 1482 979 1564 invadebat
1004 1487 1235 1587 aegrotatio.
1290 1482 1379 1562 (libi
1405 1490 1532 1564 autem
1558 1514 1700 1591 graves
1725 1486 1794 1587 (de
1812 1513 1889 1590 qua
1905 1514 1950 1567 re
1968 1492 2097 1566 statim
2117 1489 2259 1592 dmm)

379 1645 389 1665 ‘
437 1620 762 1724 aegrotationem,
797 1637 876 1687 non
904 1609 1081 1714 quamdiu
1109 1612 1219 1687 erant
1245 1615 1285 1686 iu
1311 1613 1545 1710 ventriculo,
1578 1612 1648 1691 sed
1674 1617 1755 1690 tum
1789 1611 1938 1690 demum
1971 1618 2174 1718 postquam
2200 1622 2259 1695 iu-

436 1745 589 1824 trarunt
615 1740 836 1814 intestinum
864 1760 1038 1830 coecum,
1066 1732 1304 1833 excitabant,
1330 1761 1404 1813 nec
1430 1739 1524 1837 post
1549 1765 1705 1815 coenam
1732 1742 1833 1816 inter
1860 1737 2060 1814 ventriculi
2074 1737 2259 1840 digestio·

436 1898 523 1949 nem
550 1862 671 1945 febris
699 1856 922 1957 accedebat,
950 1864 1024 1934 nisi
1053 1858 1205 1963 quando
1233 1862 1433 1944 concoctio
1460 1865 1501 1937 in
1527 1860 1627 1940 idem
1654 1868 1805 1965 tempus
1833 1889 1918 1938 cum
1944 1865 2116 1939 intestini
2136 1871 2259 1942 crassi

370 2018 374 2025 ·
437 1991 674 2074 increscente
700 1989 851 2063 actione
878 1981 1026 2080 coibat,
1053 2009 1173 2088 eaque
1200 1987 1358 2063 invicem
1386 2010 1431 2063 se
1457 1981 1679 2064 turbabant.
1735 1985 1847 2064 Unde
1873 1987 2146 2066 violentissime
2175 1990 2258 2067 iere

322 2089 331 2108 κ
426 2104 558 2198 'febris
586 2107 845 2193 exoriebatur.
1192 2134 1195 2138 ·

513 2290 516 2297 ·
573 2237 851 2318 lucrementum
878 2234 1002 2308 auam
1031 2257 1147 2309 sanae
1174 2235 1362 2336 aptasque
1390 2239 1554 2331 actionis
1579 2239 1620 2312 in
1633 2234 1818 2313 intestirm
1832 2262 1967 2313 masso
1987 2241 2176 2339 coepisse,
2187 2236 2252 2317 ubi
2393 2228 2397 2235 ’

434 2354 635 2472 'perpetem
664 2358 763 2436 diem
791 2353 912 2435 febris
946 2351 1220 2434 intermittebat
1252 2356 1386 2435 eodem
1417 2363 1592 2462 tempore
1624 2358 1833 2462 paullulum
1867 2360 2017 2439 direrm
2051 2350 2298 2440 secundun*

311 2544 320 2561 ²
441 2488 518 2571 dlii
544 2495 714 2589 ttfflPflte
755 2475 978 2576 Stssttssbflmr
1007 2507 1083 2584 (1¹¹⁰
1110 2479 1206 2558 0¹1⁸ss
1238 2479 1360 2561 febris
1392 2512 1478 2560 eum
1509 2484 1576 2561 illa
1601 2483 1852 2588 palpitatione
1883 2486 2066 2564 accedere
2094 2483 2258 2584 solebat,

414 2615 481 2694 ‘id
508 2618 569 2692 est
596 2611 696 2709 inter
721 2611 895 2712 quartam
924 2614 1118 2684 sextense
1144 2605 1278 2686 boram
1306 2609 1617 2712 pomeridianam.
1751 2642 1754 2649 ‚
1828 2597 1830 2601 ⁴

979 2839 1053 2912 Vir
1083 2845 1305 2932 regiminis
1338 2846 1451 2914 ottae
1484 2846 1527 2912 ia
1550 2841 1725 2933 sciciani

457 3000 460 3005 '
574 2996 662 3071 dam
689 3015 781 3101 roro
809 2986 1009 3103 dicendum
1037 2987 1084 3065 de
1112 2990 1294 3094 qualitate
1322 2987 1506 3068 ciborum.
1562 2990 1723 3085 Quoia
1749 3013 1894 3091 genere
1912 3015 1964 3066 ex
1982 2987 2260 3070 observationi·

349 3106 360 3127 ’
437 3118 515 3196 bus
543 3122 654 3211 meis,
682 3141 787 3218 quas
814 3110 984 3218 quamvis
1012 3116 1206 3191 contraria
1232 3119 1403 3217 opinioni
1429 3115 1580 3218 vulgari
1607 3115 1692 3192 aliis
1718 3116 1864 3211 tamen,
1905 3141 2004 3219 quae
2030 3140 2080 3194 ex
2105 3114 2261 3221 pbysia·
2323 3124 2341 3169 ‘-

196 3282 199 3287 -
439 3245 549 3346 logia
579 3240 753 3342 pateant,
790 3241 936 3340 optime
970 3242 1203 3341 congruant,
1243 3239 1381 3317 allecta
1412 3244 1515 3317 sunt.
1568 3244 1625 3318 Ae
1658 3241 1774 3341 caput
1806 3237 1956 3341 quidem
1988 3245 2045 3318 rei
2071 3237 2122 3317 ab
2148 3245 2260 3319 initio

435 3380 599 3472 ponam:
634 3388 782 3439 omnem
811 3364 1024 3438 assaturam
1051 3363 1200 3467 aliaque
1227 3365 1340 3467 adipe
1366 3364 1426 3442 rel
1454 3391 1545 3440 assa
1568 3364 1630 3442 rel
1656 3368 1762 3439 tosta
1788 3390 1902 3467 quum
1930 3366 2117 3442 intrarent
2142 3370 2261 3446 intes·
2298 3415 2310 3443 -.
2356 3412 2368 3435 .

439 3494 560 3569 tinum
587 3515 760 3566 crassum
793 3487 1081 3590 palpitationem
1115 3492 1241 3567 motus
1269 3489 1496 3591 peristaltici
1528 3486 1741 3593 febrimque
1775 3491 1979 3566 excitasse.
2041 3490 2160 3582 Quod
2193 3519 2261 3569 an·

414 3620 593 3721 ,tequam
620 3640 750 3689 vorum
779 3640 865 3690 esse
892 3593 982 3687 mibi
1008 3619 1201 3714 persuasi,
1230 3641 1344 3718 quum
1370 3620 1410 3691 in
1438 3619 1571 3716 primis
1599 3609 1933 3689 observationibus
1946 3641 2072 3717 genus
2091 3616 2260 3696 toruae

441 3745 567 3819 carnis
594 3764 708 3841 assae
732 3734 886 3814 caussam
911 3732 1033 3813 labris
1060 3744 1328 3841 esse'possem
1355 3743 1504 3841 putare,
1532 3743 1698 3817 omnium
1711 3738 1794 3815 fere
1820 3742 2063 3818 venationum
2083 3739 2260 3847 domique

440 3871 616 3942 natorum
648 3861 902 3940 mammalium
934 3864 1133 3967 ariumque
1171 3891 1268 3969 quae
1302 3864 1404 3966 apud
1435 3892 1510 3941 nos
1543 3869 1583 3942 in
1609 3888 1725 3940 usum
1757 3866 1887 3938 vocari
1920 3863 2066 3960 solent,
2106 3893 2258 3947 earnem

441 3995 604 4093 gustans
636 3976 795 4065 multum
827 3991 867 4061 in
900 3992 960 4061 ure
987 3990 1074 4088 ipso
1107 3993 1293 4091 expertus
1320 4016 1422 4086 sum,
1450 4016 1521 4067 nee
1547 3994 1769 4092 priusquam
1795 3991 1835 4062 in
1861 3986 2038 4064 omnibus
2057 3987 2156 4066 idom
2175 3991 2259 4069 lieri

440 4119 687 4205 invenissem,
736 4113 962 4186 sentemiam
1005 4112 1232 4214 simplicem,
1279 4116 1493 4189 assaturam
1539 4139 1691 4215 semper
1733 4138 1914 4189 summam
1953 4119 2014 4190 in·
2035 4141 2078 4191 se
2118 4112 2259 4194 babere

441 4235 633 4315 nutriendi
659 4240 750 4330 vim,
778 4234 892 4336 plane
920 4230 1058 4338 abjeci.
1115 4236 1244 4328 Quum
1272 4240 1371 4313 erum
1398 4236 1493 4314 baec
1521 4241 1572 4315 sit
1597 4237 1907 4340 frequentissima
1925 4241 2076 4339 opinio,
2102 4243 2141 4316 iu
2155 4267 2260 4317 assa·
2356 4248 2359 4255 '

441 4367 528 4440 tura
542 4354 674 4436 ornnes
695 4364 819 4435 carms
846 4364 996 4462 partes,
1024 4385 1121 4462 quae
1148 4364 1336 4457 nutriant,
1364 4361 1580 4441 condensas
1607 4365 1722 4466 atque
1746 4364 1860 4464 quasi
1877 4360 2040 4439 resectas
2059 4368 2266 4464 contineri,

442 4488 544 4565 elixa
571 4487 707 4559 eontra
733 4487 857 4560 omnis
884 4483 1076 4586 galaticae
1091 4487 1267 4588 expertia
1291 4491 1415 4563 minus
1441 4515 1530 4565 esso
1556 4485 1778 4563 valentioris
1794 4488 2003 4582 ·materiae,
2031 4487 2259 4569 bearorum

442 4640 529 4688 csse
561 4613 720 4712 iuveni,
742 4633 891 4683 omnem
918 4612 1151 4706 assaturam,
1183 4608 1288 4716 qued
1315 4609 1403 4687 dum
1418 4678 1423 4685 .
1436 4615 1630 4687 inassatur
1660 4636 1759 4684 cum¹
1780 4604 1958 4686 umuilurs
1989 4611 2260 4714 nutrientibus,

334 4729 349 4773 “·
442 4764 538 4839 quae
565 4734 710 4827 insint,
734 4735 858 4831 magis
891 4739 1061 4812 minusve
1096 4733 1273 4814 durescat
1304 4735 1466 4841 ideoque
1500 4731 1737 4836 perdifficilis
1763 4733 1832 4813 tlat
1857 4731 1907 4809 ad
1933 4739 2259 4838 concoquendum,

436 4882 519 4936 uon
552 4858 729 4935 idoneam
769 4882 855 4932 esse
894 4861 969 4933 nisi
1006 4859 1233 4938 firmissimis
1275 4864 1388 4965 atque
1421 4863 1678 4960 integerrimis
1718 4858 1946 4961 digestionis
1983 4864 2258 4942 instrumentis.

440 4983 612 5089 Astlejus
642 4986 844 5084 Coeperus
865 4979 947 5086 jam
975 4989 1099 5086 prius,
1141 5014 1257 5064 <anes
1287 4983 1514 5080 observans,
1550 5011 1665 5089 quum
1692 4984 1795 5062 elixa
1821 4983 1979 5061 vitulina
1999 4984 2081 5090 jam
2107 4995 2261 5090 penitus
2395 5065 2400 5071 .
