4830 6188
1173 424 1351 519 58.

887 612 993 672 salivae
1015 614 1129 691 qualitas
1150 616 1293 692 generatim
1316 610 1503 673 consideratur.

431 748 576 822 Omnes
602 741 674 820 bae
700 739 843 818 salivae
870 744 1070 844 portiones
1096 741 1337 846 apparebant
1362 741 1593 845 pellucidae,
1624 737 1802 842 limpidae
1826 737 2021 840 paululum
2049 739 2117 818 sed

296 870 376 949 tere
403 873 652 971 inconspicua
679 892 825 970 opacae
857 868 917 945 vel
945 865 1214 966 flavescentes,
1248 867 1457 971 paullulum
1490 867 1686 970 pleniores
1714 893 1826 970 qnam
1854 892 1969 969 aqua,
2003 867 2117 968 atque

295 999 499 1097 insigniter
528 996 608 1071 tam
641 996 807 1094 agitatae
846 1020 959 1096 quam
1001 992 1146 1071 effusae
1179 1002 1413 1095 spumantes.
1485 995 1632 1070 Omnes
1671 994 1873 1094 praeterea
1908 989 2117 1068 nonnullos

297 1118 481 1196 llocculos
494 1122 711 1195 innatantes
731 1115 940 1215 habebant,
968 1123 1034 1222 qui
1049 1121 1141 1219 post
1155 1117 1318 1221 aliquam
1337 1120 1501 1223 quietem
1522 1116 1680 1195 lundnm
1707 1113 1902 1219 petebant.

429 1243 601 1324 Flocculi
627 1271 698 1344 por
724 1240 969 1320 filtratiouem
997 1248 1166 1345 separati
1190 1241 1265 1325 sub
1285 1243 1418 1319 ’forma
1448 1240 1795 1331 membranularum
1828 1239 2119 1318 convolutarnm

297 1369 479 1472 epitbelio
513 1367 689 1447 similium
737 1392 823 1445 sese
862 1364 1110 1445 exbibebant.
1177 1371 1269 1445 Veri
1301 1368 1582 1445 simirnillimnm
1614 1373 1733 1470 igitur
1760 1370 1820 1443 est
1848 1365 1990 1442 salivae
2018 1365 2119 1442 alca-

299 1494 483 1571 lescentia
510 1492 678 1595 epitbolii
706 1491 1055 1596 desquamationem
1080 1496 1120 1568 in
1149 1491 1326 1581 ductibus
1353 1488 1576 1570 saliralibus
1604 1495 1757 1594 augeri,
1799 1495 1855 1567 sic
1881 1497 1925 1568 nt
1957 1488 2120 1594 desqua-

303 1621 422 1699 matac
456 1621 588 1720 partes
627 1624 827 1696 emanante
859 1619 979 1696 saliva
1009 1617 1121 1711 simul
1155 1622 1359 1720 provectae
1392 1623 1431 1694 in
1460 1615 1577 1695 orbes
1610 1616 1890 1719 glomerentur,
1924 1620 1997 1719 -qui
2035 1620 2117 1690 tum

168 1735 174 1743 ⁸
300 1743 440 1819 salivae
467 1744 653 1818 innatant.

432 1866 592 1953 Pondus
619 1865 836 1968 specificam
864 1820 1031 1949 ominum
1058 1866 1191 1943 barum
1223 1871 1444 1967 portionum
1470 1872 1511 1943 in
1543 1872 1801 1969 temperatura
1857 1865 1924 1942 15⁰
1958 1868 2118 1942 Renum.

300 1994 582 2069 accuratissime
609 1994 855 2073 constitutum
883 1996 944 2071 est
974 1998 1009 2089 1,
1037 1994 1157 2071 0125.
1210 1991 1598 2093 Saporiuconspicue
1613 1991 1757 2088 amens,
1785 2003 1823 2068 et
1839 1991 1980 2068 fatuus.
2026 1992 2120 2065 (lm-

96 2156 100 2163 ,
156 2220 159 2225 ³
301 2145 370 2193 nes
397 2118 597 2220 portiones
631 2117 798 2194 chartam
831 2116 1130 2219 exploratoriam
1162 2113 1319 2193 rubram
1353 2144 1474 2220 aeque
1506 2116 1719 2193 caeruleam
1758 2113 1913 2192 dabant.
1978 2119 2029 2192 Et
2066 2115 2122 2190 al·

300 2239 529 2319 calescentia
562 2241 713 2343 quidem
746 2245 854 2317 tanta
880 2243 964 2318 erat
989 2245 1032 2318 ut
1065 2240 1240 2342 singulae
1275 2240 1474 2319 drachmae
1507 2241 1651 2338 salivae
1680 2269 1805 2343 grana
1836 2241 1990 2344 singula
2022 2243 2122 2317 aceti

300 2369 377 2442 vini
409 2364 550 2442 vellent
582 2365 631 2441 ad
665 2369 949 2443 saturationem.
1004 2366 1073 2449 Ad,
1094 2391 1230 2443 omnes
1262 2368 1382 2467 igitur
1414 2371 1546 2443 uncias
1581 2370 1632 2446 55
1661 2365 1935 2469 dracbnrasqne
1966 2369 1992 2445 7·
2018 2369 2122 2441 satu·

300 2489 443 2567 randas
470 2493 621 2566 circiter
650 2488 890 2568 suffecissent
918 2489 1120 2568 dracbmae
1148 2491 1295 2592 septem
1323 2518 1407 2566 cum
1434 2489 1589 2577 dimidia
1602 2496 1710 2575 aceti.
1768 2490 1815 2567 Si
1828 2491 1966 2596 majori
1980 2490 2121 2566 salivae

301 2618 472 2716 portioni
499 2617 647 2691 acetum
673 2612 918 2715 instillatam,
946 2614 1155 2718 paullulum
1184 2608 1408 2695 ebulliebat
1462 2614 1593 2692 Salina
1620 2619 1729 2691 aceto
1749 2593 1928 2693 'saturata
1945 2614 2033 2691 loco
2053 2614 2121 2691 fri-

302 2738 395 2842 gido
421 2766 493 2845 per
520 2744 571 2817 24
599 2739 717 2817 boras
745 2745 914 2842 seposita
932 2744 1075 2817 ‘iterum
1102 2738 1273 2841 alcaluit,
1306 2741 1421 2844 atque
1447 2743 1503 2816 ita
1529 2739 1697 2844 quidem,
1724 2743 1768 2818 ut
1786 2738 1961 2842 singulae
1987 2739 2122 2817 dracb·

302 2878 384 2941 inae
416 2863 539 2942 adbuc
571 2868 704 2968 guttas
731 2860 851 2963 ‘binas
885 2870 994 2975 aceti¹
1023 2868 1281 2967 exposcerent
1313 2863 1362 2941 ad
1385 2864 1606 2967 ¹perlectam
1646 2863 1932 2945 saturationem.
1989 2863 2122 2940 Salina

201 3010 203 3017 ·
301 3014 379 3065 non
408 2992 581 3067 saturata
606 2994 699 3091 post
726 2994 777 3068 24
805 2991 921 3077 boras
948 2990 1122 3068 similiter
1148 2988 1450 3069 olcalescentiam
1478 2984 1607 3088 anxit,
1632 2990 1817 3094 siquidem
1845 2989 1929 3096 ejus
1944 2989 2121 3093 singulae

207 3173 209 3177 -
302 3113 502 3192 drecbnrae
528 3122 607 3191 tum
635 3113 684 3190 ad
711 3119 984 3192 saturationem
1010 3118 1143 3218 guttas
1176 3119 1308 3193 ternas
1324 3119 1433 3193 ‘aceti
1461 3114 1675 3193 voluerunt.
1730 3115 1839 3192 Aoidi
1858 3114 2121 3218 ⁴plrospborici

301 3241 436 3343 guttae
464 3268 535 3317 sex
562 3238 771 3342 (ponderis
799 3240 967 3342 specifici
999 3246 1032 3340 1,
1063 3242 1139 3343 30)
1167 3237 1410 3317 sufficiebant
1436 3241 1485 3317 ad
1513 3240 1655 3318 salivae
1688 3245 1836 3317 unciam
1870 3269 1984 3316 unam
2017 3220 2153 3317 satu(

300 3364 472 3444 ran‘dam.
521 3365 697 3445 Salicem
725 3371 783 3443 sic
810 3363 936 3443 denuo
965 3370 1172 3444 saturatam
1204 3369 1340 3443 iterum
1373 3394 1444 3469 per
1471 3372 1522 3446 24
1550 3367 1667 3443 boras
1701 3364 1882 3468 deposui,
1923 3368 2037 3470 atque
2064 3370 2123 3442 in·

299 3497 385 3568 reni
412 3490 719 3569 alcalescentiam
746 3496 882 3568 rursus
909 3497 1056 3594 augeri,
1084 3496 1140 3570 sic
1166 3494 1210 3570 nt
1236 3489 1286 3567 ad
1313 3491 1557 3567 saturandam
1583 3518 1699 3567 unam
1712 3494 1863 3566 unciam
1878 3519 1976 3594 opus
1990 3494 2126 3568 essent

301 3616 400 3691 aceti
425 3618 560 3718 guttae
589 3615 800 3694 duodecim.
855 3618 955 3693 Tum
981 3644 1074 3695 nero
1105 3615 1359 3696 alcalcscendi
1385 3614 1548 3694 facultas
1577 3615 1687 3692 linita
1718 3616 1818 3712 erat,
1857 3621 1970 3720 atque
2003 3614 2125 3694 saliva

301 3742 341 3814 in
366 3738 696 3819 fermentationem
729 3740 876 3818 acidam
904 3737 1016 3838 abitt,
1059 3745 1114 3818 sic
1140 3744 1184 3818 ut
1210 3743 1302 3844 post
1329 3740 1527 3820 aciemn
1555 3743 1719 3842 spatium
1752 3742 1858 3816 esset
1888 3740 2122 3818 acidissimo.

434 3866 547 3944 llnnc
584 3893 675 3943 vcro
708 3871 888 3943 ammonii
925 3871 966 3942 iu
1000 3863 1120 3942 salira
1156 3867 1382 3968 proventum
1414 3891 1462 3942 nc
1501 3856 1693 3941 minimum
1733 3864 1883 3968 quidem
1915 3869 2124 3969 vestigium

302 3992 560 4093 corruptionis
592 3990 653 4067 vel
686 3991 987 4069 fermentationis
1021 3993 1242 4088 comitatur,
1283 3995 1339 4067 sic
1371 3994 1416 4067 nt
1447 3989 1566 4066 salira
1592 4018 1715 4097 neque
1744 3988 1902 4067 odorem
1930 3987 2005 4068 sibi
2031 4016 2125 4093 pro·

302 4117 443 4215 prium,
475 4143 599 4222 neque
633 4115 819 4211 colorem,
858 4116 981 4219 nequ‘e
1009 4143 1186 4219 saporem
1212 4119 1361 4203 amittat
1386 4114 1447 4195 vel
1474 4114 1586 4193 aliam
1620 4114 1807 4220 quandam
1842 4114 2125 4193 indolem'cor-

299 4242 491 4342 ruptionis
516 4240 677 4320 indicem
705 4243 960 4318 nanciscatur.
1002 4231 1174 4320 *Videtur
1200 4242 1320 4346 igitur
1347 4267 1434 4339 esse
1460 4266 1669 4342 processus
1696 4239 1919 4341 peculiaris,
1946 4245 1985 4316 in
2012 4240 2124 4319 nullo

93 4398 96 4405 ·
156 4422 160 4429 .
301 4364 377 4447 alio
405 4370 593 4469 principio
621 4367 773 4445 animali
801 4363 949 4443 obvius.

1065 4611 1269 4702 Experior.
1304 4613 1358 4680 47.

946 4735 1035 4795 Salina
1054 4738 1156 4816 equina
1190 4734 1315 4795 Evolutlo
1335 4735 1467 4792 ammonii.

310 4853 312 4856 ’
437 4846 568 4926 Salina
594 4872 729 4922 recens
758 4819 943 4923 calefacta
974 4852 1152 4933 ammonii
1170 4874 1343 4948 {vapores
1367 4821 1542 4948 insignes
1567 4843 1756 4947 prodidit,
1785 4851 1849 4949 qni
1870 4845 2038 4925 abactam
2058 4867 2149 4926 ru·'

299 4967 406 5046 brarn
434 4977 611 5074 protinus
639 4972 850 5055 caeruleam
880 4968 1034 5049 dabant.
1088 4973 1222 5074 Neque
1240 4974 1365 5047 nunus
1385 4969 1805 5067 acidnmmnriaticnm,
1835 4998 1907 5073 ope
1929 4976 2126 5074 epistomii

1675 5222 1690 5264 Ι
1804 5258 1812 5266 .
