4830 6188
1176 446 1236 537 96

301 644 475 717 naturam
502 641 680 733 intentio,
710 664 785 741 qua
811 662 890 713 non
919 634 1060 735 solnm,
1096 663 1193 742 quae
1222 643 1491 739 secernuntur,
1521 641 1746 744 sedetiam,
1775 674 1873 753 quae
1900 668 2117 752 secernunt,

302 764 465 842 alienam
503 763 685 839 indutura
722 765 812 839 sunt
848 760 1026 840 indolem.
1094 765 1228 868 Neque
1262 768 1368 842 certo
1406 766 1486 845 ullo
1527 768 1603 845 alio
1642 768 1756 847 modo
1796 780 1920 853 omnis
1959 776 2133 880 dysuria·

270 889 483 1003 'chronica
520 891 635 993 atque
674 886 837 963 lithiasis
871 890 911 964 et
943 886 1017 964 alvi
1049 896 1162 993 atque
1200 888 1421 990 pulmonum
1459 891 1688 994 profluvium
1726 894 1942 978 diuturnum
1972 907 2116 983 oritur.

301 1017 364 1090 Ex
392 1041 582 1090 consensu
610 1039 701 1090 rere
731 1038 966 1115 organorum
992 1013 1215 1114 genitalium
1244 1040 1328 1090 cum
1356 1016 1538 1095 intestino
1574 1045 1707 1096 crasso
1741 1027 1834 1098 oriri
1866 1024 2118 1123 sterilitatem,

302 1136 461 1216 llrrorem
489 1136 616 1214 album
646 1146 717 1214 etc.
745 1136 947 1214 verisimile
976 1140 1047 1213 est.
1122 1160 1144 1188 -·

339 1342 342 1348 ,
434 1263 681 1347 Manifestum
711 1266 836 1338 estin
869 1259 1031 1363 largiori
1058 1290 1259 1350 succorum
1286 1262 1492 1343 crudorum
1518 1270 1558 1343 in
1586 1274 1812 1372 sangumem
1840 1272 2045 1367 infusione*
2060 1301 2121 1350 se-

303 1395 485 1481 cretionis
518 1415 665 1489 organa
702 1386 802 1463 hunc
836 1390 875 1463 in
908 1387 1020 1464 linem
1051 1389 1193 1463 natura
1224 1376 1435 1468 constituta
1472 1418 1589 1493 saepe
1621 1421 1700 1471 non
1734 1395 1911 1473 sufficere
1949 1396 1998 1474 ad
2032 1424 2123 1475 san·

298 1520 458 1620 guinem
490 1512 660 1617 perlecto
692 1510 953 1614 purgandum,
996 1515 1110 1618 atque
1142 1511 1386 1590 nihilominus
1421 1513 1650 1594 desiderium
1690 1523 1887 1623 nisumqnc
1925 1521 2120 1599 ulterioris

294 1642 548 1743 purgationis
573 1640 612 1713 in
641 1641 830 1738 sanguine
856 1662 956 1713 esse.
1012 1638 1109 1712 lloe·
1124 1642 1211 1713 nisu
1238 1639 1308 1736 lit,¹
1321 1647 1373 1731 nt
1389 1642 1527 1719 vitiose
1554 1642 1648 1721 baec
1674 1649 1846 1721 'excretio
1861 1643 1939 1721 illis
1960 1646 2121 1748 organis

293 1759 593 1849 ,secernentibus
621 1764 876 1837 committatur
902 1764 1015 1864 atque
1048 1766 1285 1865 imponatur,
1328 1792 1424 1869 quae
1456 1765 1679 1859 naturaliter
1712 1766 1785 1844 hoc
1817 1769 2008 1870 purgandi
2035 1760 2122 1845 effi·

304 1894 405 1968 cium
431 1915 510 1965 non
535 1883 688 1963 hahent.
741 1887 819 1961 Per
845 1883 938 1962 baec
966 1891 1076 1962 renio
1104 1885 1155 1963 ad
1182 1892 1369 1991 originem
1397 1887 1580 1993 hydropis
1609 1889 1792 1988 diuturni,
1817 1897 1885 1995 qui
1898 1896 2123 1994 saepissime

305 2014 398 2094 nihil
426 2017 486 2090 est
512 2013 586 2086 nisi
613 2013 753 2084 vicaria
781 2014 943 2086 secretio
972 2010 1179 2110 purilicans
1206 2010 1509 2089 membranarum
1538 2042 1773 2112 serosarum,
1801 2022 1914 2119 atque
1941 2015 2125 2117 profluvi-

297 2166 426 2225 ,orum
443 2135 715 2242 quorundam„
739 2159 836 2239 quac
865 2138 964 2212 cutis
992 2144 1057 2210 nut
1083 2161 1215 2211 renum
1237 2135 1389 2213 ¹vicibus
1417 2138 1642 2240 iunguntur.
1695 2138 1756 2216 Ab
1784 2141 1844 2216 bis
1876 2167 1968 2217 vero
2000 2144 2123 2242 proti·

305 2292 378 2345 nus
407 2271 466 2341 est
492 2264 676 2338 transitus
703 2257 752 2337 ad
780 2262 967 2363 originem
994 2262 1216 2337 vitiosarum
1244 2265 1284 2339 et
1308 2269 1465 2364 praeter
1489 2271 1663 2341 naturam
1684 2267 1925 2340 evocaturum
1940 2268 2122 2343 secretio-

305 2410 414 2490 num‘,
443 2414 541 2493 quae
568 2381 640 2463 sub
667 2383 836 2475 ulcerum
864 2389 1128 2488 variorumque
1155 2383 1375 2463 morborum
1403 2393 1500 2465 cutis
1526 2388 1650 2466 forma
1677 2392 1876 2491 apparent.

440 2498 662 2616 Reliquum,
709 2511 770 2587 est
807 2514 851 2585 ut
887 2509 937 2586 ad
987 2510 1181 2621 infandam
1227 2517 1360 2612 paucis
1404 2517 1672 2615 respiciamus,
1723 2541 1821 2617 quae
1840 2511 1952 2609 ‚illud
1992 2512 2125 2591 discri-

308 2669 395 2720 men
428 2667 451 2716 a
483 2638 680 2712 maturiori
713 2636 838 2710 aetate
873 2639 1043 2736 recipere
1075 2633 1241 2732 ridetur,
1284 2635 1386 2738 quod
1413 2638 1658 2742 praevalente
1684 2638 1879 2716 structione
1906 2640 2125 2743 systematis

306 2764 525 2871 lymphatici
552 2786 675 2864 neque
702 2764 826 2835 minus
854 2759 1072 2835 dominante
1101 2758 1316 2861 digestione
1333 2762 1542 2838 ‘ventriculi
1576 2761 1710 2865 chylus
1735 2762 1933 2839 faciendus
1959 2764 2125 2837 maxime

309 2920 333 2970 a
360 2887 555 2969 stomacho
584 2889 712 2989 atque,
726 2885 918 2961 intestinis
945 2877 1124 2961 tenuibus
1145 2882 1367 2965 ,absoln‘tur
1394 2890 1506 2962 etiam
1533 2891 1572 2962 in
1600 2890 1686 2987 ipsa
1713 2889 1853 2962 ritiosa
1885 2883 2127 2981 condicione.

305 3013 509 3121 ¹Siquidem
534 3016 615 3088 tum
640 3037 733 3085 rasa
757 3007 1087 3106 lactea,„nimium
1123 3017 1304 3113 qnantum
1345 3006 1608 3107 absorbentia,
1650 3018 1802 3113 praeter
1840 3008 1939 3086 bene
1973 2986 2129 3110 digesta

310 3139 424 3220 stmul
449 3136 569 3214 cruda
600 3159 752 3239 quoque
785 3132 967 3239 quaedam
1000 3129 1183 3211 imbibere
1217 3132 1409 3231 ridentur,
1453 3163 1549 3239 quae
1582 3137 1781 3212 maturiori
1814 3137 1938 3211 aetate
1970 3135 2129 3209 nonnisi

311 3297 335 3345 a
361 3269 467 3343 venis
493 3262 742 3361 recipiuntur.
799 3257 921 3335 Simul
949 3259 1107 3335 veroid
1136 3286 1289 3364 quoque
1316 3259 1488 3337 accidere
1515 3260 1680 3358 ridetur,
1719 3264 1779 3354 ut,
1819 3264 1854 3334 si
1880 3266 2033 3360 praeter
2060 3282 2131 3333 na·

176 3448 183 3455 -
310 3399 436 3470 turam
476 3387 640 3489 digest-io
675 3389 782 3460 coeci
821 3386 979 3462 crocata
1016 3387 1068 3460 sit
1099 3386 1215 3486 atque
1252 3388 1472 3481 increverit,
1513 3412 1584 3460 nec
1621 3410 1718 3457 rena
1754 3386 1952 3483 portarurn
1988 3385 2130 3482 possit,

311 3523 402 3624 quin
431 3537 570 3591 succos
595 3513 636 3585 in
664 3536 711 3585 eo
740 3508 913 3611 digestos
941 3513 979 3583 in
1007 3537 1049 3584 se
1077 3512 1254 3609 recipiat,
1295 3513 1422 3585 tamen
1456 3512 1621 3584 maxima
1654 3507 1891 3608 digestorum
1917 3535 2009 3608 pars
2036 3533 2132 3607 pro-

168 3727 172 3733 ,
311 3649 414 3721 tinus
441 3643 481 3731 in
508 3636 606 3715 liene
635 3630 749 3739 atque
776 3633 970 3736 glandulis
998 3660 1177 3709 vasorum
1205 3632 1425 3729 lactearum,
1453 3631 1558 3708 nnlla
1584 3631 1665 3709 l'erc
1692 3637 1731 3707 in
1760 3636 1984 3707 secretionis
2012 3657 2132 3732 orga-

312 3775 372 3848 nis
400 3764 630 3866 deponatur,
672 3765 727 3835 sic
756 3765 798 3835 ut
827 3756 1035 3861 glandulae
1062 3759 1134 3839 hae
1163 3756 1273 3834 simul
1301 3785 1456 3835 munere
1489 3783 1723 3858 organorum
1740 3754 2028 3833 assimilantinm
2055 3782 2132 3833 nec

313 3919 392 3970 non
425 3890 702 3968 secernentinm
730 3883 951 3986 iungantur.
1007 3884 1099 3977 Quo
1127 3881 1187 3977 lit,
1217 3886 1260 3958 nt
1275 3886 1410 3958 vitiose
1437 3883 1691 3957 intumescant
1717 3883 1832 3983 atque
1859 3876 2132 3982 scrophulosin

309 4016 539 4120 producant.
592 4014 725 4113 ltaque
760 4007 1022 4109 scrophulosis
1055 4013 1095 4085 in
1129 4003 1356 4102 infantibus,
1396 4034 1521 4111 neque
1554 4010 1679 4080 minus
1706 4003 2015 4081 haemorrhoides
2042 4030 2133 4080 cum

209 4190 212 4197 ·
314 4139 456 4219 lithiasi
483 4133 585 4238 apud
613 4133 782 4231 adultos,
811 4131 903 4211 nihil
931 4132 1108 4208 ridentur
1134 4159 1219 4208 esse
1248 4135 1322 4206 nisi
1349 4133 1480 4207 vicarii
1508 4135 1617 4233 quasi
1631 4126 1756 4205 morbi
1776 4128 2007 4231 diversarum
2026 4132 2134 4206 aeta·

311 4244 650 4367 tenerrimam,
679 4255 872 4336 radicibus
900 4259 1042 4351 exorti,
1071 4260 1184 4359 atquc
1212 4259 1251 4331 in
1280 4254 1434 4331 eosdem
1461 4255 1558 4332 lines
1587 4251 1800 4330 tendentes.
1843 4290 1850 4301 ·

313 4373 316 4378 ’
400 4468 405 4473 ,
450 4385 531 4464 Sed
557 4386 689 4463 harum
719 4378 1064 4461 considerationum
1097 4381 1209 4457 linem
1230 4380 1435 4475 ¹iaciamus,
1475 4407 1559 4455 cum
1586 4405 1664 4454 rem
1692 4382 1730 4453 in
1760 4402 1892 4453 omnes
1918 4380 2051 4477 partes
2068 4376 2135 4455 hic

239 4552 247 4558 ·
304 4514 516 4603 ,absolvero
542 4539 620 4588 non
649 4513 855 4612 possimus.
882 4503 1126 4601 ‚abundare
1141 4532 1232 4582 vero
1253 4503 1521 4609 physiologiae
1538 4502 1699 4607 portem,
1728 4528 1840 4605 qnam
1855 4503 1988 4603 ‚tetigi
2013 4496 2136 4595 uben-

315 4646 422 4721 rimis
448 4632 649 4732 fructibus,
679 4661 776 4738 quos
803 4630 990 4709 medicina
1015 4628 1104 4707 inde
1132 4623 1268 4731 capere
1281 4633 1425 4733 possit,
1455 4625 1746 4734 quisquel'acile
1763 4622 2134 4733 perspiciet-:Qut

318 4795 393 4872 qua
418 4769 488 4840 via'
508 4754 714 4863 colligendi
743 4761 837 4859 sint,
866 4755 1035 4857 sufficiat
1060 4753 1261 4834 indicasse.
2020 4730 2025 4753 ¹

877 4974 880 4979 .
918 4956 921 4962 ·
1010 4920 1437 4979 m
1543 4942 1549 4961 ¹
1630 4916 1636 4957 l
