4830 6188
895 939 1166 1074 ludex
1218 973 1516 1071 rerum.

1106 1208 1320 1223 m

303 1375 402 1429 Orstio
419 1370 456 1427 de
473 1366 608 1426 methodo
625 1366 825 1441 physiologiae
897 1396 1949 1416 ..............
2021 1378 2048 1428 p.
2101 1354 2118 1411 1

1135 1499 1235 1588 (inp.
1263 1498 1291 1565 Ι.

300 1630 430 1686 Historie
447 1627 538 1685 morhi
557 1627 685 1684 suetoris
724 1656 1947 1676 ················
2020 1636 2047 1686 p.
2084 1616 2119 1672 12
2164 1702 2172 1715 α

1122 1757 1220 1847 (inp.
1248 1758 1296 1824 11.

929 1872 1261 1951 Experimentorum
1290 1876 1480 1947 exporitio.

335 1986 367 2109 11.
402 1985 671 2054 Brpertmentorum
688 1977 754 2032 dois
772 1982 803 2033 st
817 1978 893 2031 rstio
924 2011 1983 2033 ..............
2020 1994 2046 2045 p.
2081 1977 2119 2031 ω

351 2056 374 2111 Ι.
401 2054 606 2125 Experimento
624 2049 660 2104 de
679 2050 749 2104 eihis
765 2050 953 2121 grevissimee
971 2052 1002 2100 et
1017 2044 1182 2101 levissimae
1199 2046 1335 2101 meterise
1412 2083 1987 2102 ........
2081 2048 2119 2101 27

315 2127 370 2180 111.
405 2122 630 2178 0hrerretiones
647 2120 867 2192 mieroseopieee
885 2117 921 2172 de
938 2118 1024 2173 modo
1043 2136 1099 2192 quo
1118 2136 1185 2173 eero
1202 2116 1371 2172 museulsris
1390 2116 1577 2187 digeratur.
1652 2159 1659 2173 .
1733 2147 1744 2159 ·
1817 2156 1824 2171 .
1898 2159 1905 2172 .
1979 2158 1986 2172 .
2080 2116 2119 2175 8!

319 2197 376 2251 tv.
401 2196 605 2267 Experimento
622 2191 659 2247 de
678 2192 837 2263 digestione
852 2192 885 2244 in
902 2191 1038 2245 intestino
1056 2208 1145 2245 ooeeo
1167 2225 1986 2247 ...........
2080 2192 2119 2247 38

327 2266 368 2322 V.
400 2267 603 2338 Experimento
620 2283 654 2319 su
674 2282 706 2317 er
722 2262 841 2333 aeduum
860 2260 934 2316 scidi
951 2260 1079 2315 eihorum
1096 2260 1247 2317 ventriouli
1264 2266 1294 2316 et
1310 2261 1435 2317 intestini
1454 2264 1533 2317 eoeoi
1575 2298 1987 2318 ......
2080 2260 2118 2317 41

313 2339 370 2394 vl.
400 2337 633 2410 Experimentum
650 2283 687 2388 4ο
704 2333 796 2406 gredo
814 2332 1033 2387 sloedesoentise
1049 2332 1178 2388 eihornm
1195 2336 1225 2387 in
1242 2335 1352 2388 rumino
1370 2334 1567 2388 rumisssntium
2079 2332 2119 2389 46

312 2410 383 2465 m
400 2408 603 2481 Experimento
620 2407 656 2460 de
672 2412 776 2461 nsturs
793 2404 868 2461 seidi
884 2407 915 2459 in
932 2403 1037 2479 ehymo
1055 2405 1217 2461 snimelium
1235 2406 1384 2461 existentis
1407 2445 1984 2462 ........
2079 2400 2118 2461 47

299 2480 384 2537 Vm.
401 2480 604 2552 Experimento
620 2478 656 2533 do
674 2476 873 2548 coagulatione
890 2474 973 2531 iretis
990 2496 1043 2550 per
1060 2477 1262 2548 ventriculum,
1280 2476 1373 2532 salise
1391 2476 1510 2551 aliisque
1528 2476 1615 2532 rehus
1653 2516 1984 2533 .....
2018 2516 2036 2551 ,
2079 2476 2117 2533 53

333 2552 388 2609 ΙΧ.
405 2552 608 2624 Experimento
625 2548 745 2604 sslivsm
763 2549 954 2603 mutemus
1007 2587 1984 2607 .............
2079 2546 2118 2605 56

332 2623 372 2679 Χ.
403 2622 606 2695 Experimentn
624 2619 659 2673 de
678 2618 844 2673 eondieioue
863 2619 1013 2676 ventriculi
1030 2622 1123 2676 innuis
1169 2660 1985 2678 ...........
2080 2623 2117 2675 63

322 2688 727 2765 nurmandiae
764 2729 1985 2749 ................
2079 2694 2117 2749 ee

592 2791 594 2795 ’
1111 2830 1206 2923 cap.
1238 2832 1303 2899 ιιι.

963 2952 1100 3005 Summe
1126 2952 1450 3022 experimentorum.

295 3045 318 3102 Ι.
355 3047 400 3101 De
420 3048 507 3113 eihisp
526 3048 573 3119 qui
591 3045 639 3100 vel
656 3045 741 3102 isoile
760 3048 807 3103 vel
826 3045 943 3104 difficile
961 3049 1128 3121 digeruntur

403 3153 429 3191 s.
447 3142 543 3190 motus
560 3134 711 3189 ventriculi
760 3175 1982 3199 ................
2018 3164 2045 3216 p.
2077 3146 2114 3203 77

402 3209 431 3263 h.
450 3209 569 3261 mutetio
586 3206 723 3261 eihorum.
760 3212 787 3265 1.
805 3210 969 3266 Seoundum
984 3211 1172 3285 praeparandi
1188 3210 1354 3267 methodum
1409 3252 1983 3274 ........
2077 3220 2116 3275 83

458 3282 486 3335 2.
504 3277 667 3333 Seotmdum
684 3296 792 3349 genere
845 3320 1984 3345 ...............
2077 3286 2115 3345 84

293 3353 455 3407 Diserimen
471 3352 546 3405 iuter
563 3350 657 3405 eitum
673 3349 888 3408 velentissimso
906 3361 936 3408 et
952 3356 1139 3426 perierimse
1156 3357 1290 3410 mstorise
1328 3394 1984 3416 .........
2077 3364 2115 3417 te

292 3458 331 3513 11.
365 3456 413 3513 De
429 3457 590 3529 digestione
606 3458 734 3512 intosu'ni
751 3461 841 3515 eoeoi.

293 3548 338 3602 Do
357 3566 412 3601 usu
430 3545 564 3601 veivulee
582 3548 660 3601 ooeei
678 3549 708 3600 in
727 3546 886 3618 digestione
903 3557 1043 3605 nocturne
1082 3589 1982 3614 ............
2076 3560 2113 3616 89

294 3620 378 3683 Quae
397 3618 453 3673 eihi
471 3625 599 3690 tempore
617 3617 783 3689 digestionis
800 3622 927 3694 periodis
945 3622 1137 3695 respondeant
1163 3661 1981 3683 ...........
2076 3632 2114 3687 90

293 3723 346 3777 111.
383 3727 467 3790 Quae
484 3722 647 3779 morhorum
666 3727 791 3799 origines
809 3729 839 3781 in
856 3731 957 3784 vitistu
972 3730 1100 3785 intestini
1118 3733 1197 3785 eoeei
1216 3734 1399 3786 eonooetione
1417 3734 1483 3786 sint.

401 3816 427 3869 1.
463 3813 616 3877 Quomodo
634 3814 801 3883 digestionis
839 3817 928 3873 eriodi
946 3836 1011 3873 oum
1028 3821 1195 3891 systematis
1212 3820 1344 3893 ehylii'eri
1363 3820 1587 3876 eonformetiono
1606 3831 1718 3894 eptstse
1737 3826 1820 3879 sint.
1893 3867 1900 3881 .
1974 3868 1981 3881 .
2076 3830 2113 3884 93

399 3889 427 3939 2.
462 3885 586 3938 Mutatio
605 3884 787 3955 periodorum
824 3891 973 3960 igoetionis
990 3898 1126 3946 mutatum
1144 3890 1223 3964 chyli
1241 3893 1453 3965 shsorptionem
1470 3891 1613 3949 desideret
1649 3935 1980 3953 .....

400 3960 427 4012 3.
463 3955 621 4009 Succorum
639 3956 789 4011 crudorum
808 3978 823 4012 e
842 3964 979 4032 sanguine
998 3966 1090 4017 exitus
2075 3972 2113 4029 94

399 4026 427 4081 4.
462 4025 559 4081 itiorhi
577 4045 614 4079 ex
630 4045 767 4099 perverse
784 4034 930 4102 esngrrinis
946 4032 1070 4117 ssciendi
1086 4037 1197 4091 ratione
1216 4039 1271 4091 orti
1326 4077 1334 4092 .
1407 4073 1414 4089 .
1443 4102 1453 4123 x
1489 4078 1981 4098 .......
2075 4042 2112 4100 95

291 4134 346 4188 Ν.
365 4133 410 4187 De
429 4135 538 4203 origine
557 4133 630 4187 eeidi
646 4135 676 4187 in
694 4131 798 4205 eitymo
835 4176 1979 4204 ...............
2074 4152 2112 4208 97

292 4233 331 4286 V.
359 4230 486 4286 Theorie
507 4229 682 4300 digestionis.

388 4315 426 4375 ’1.
462 4318 613 4374 Reintstio
631 4320 776 4375 doetrinae
792 4322 961 4377 Roeumurii
979 4332 1008 4380 et
1025 4326 1220 4399 Spellenzsnii
1244 4371 1980 4392 ..........
2075 4344 2111 4397 98

399 4396 426 4447 2.
461 4390 611 4445 Resutetio
629 4392 773 4447 doetrinae
792 4394 827 4447 de
846 4413 934 4449 suoeo
951 4401 1076 4467 gestrieo
1095 4400 1177 4455 eeido
1244 4442 1817 4461 ........
1859 4422 1898 4463 ·.
1972 4452 1978 4463 .
2043 4414 2111 4468 ’99
2162 4410 2165 4417 '

402 4468 429 4520 3.
464 4464 600 4519 Auctoris
622 4461 735 4519 theoris
756 4464 924 4535 digestionis
2058 4485 2112 4540 ιω
2221 4520 2227 4527 .

292 4569 346 4624 Vl.
365 4570 410 4623 De
427 4570 458 4624 vi
475 4568 585 4625 ssiiveo
602 4571 632 4624 in
651 4570 808 4643 digestione
826 4575 977 4630 ventriculi
1000 4616 1983 4642 .............
2056 4593 2110 4648 103

292 4666 362 4721 vu.
379 4667 426 4721 lte
443 4685 498 4723 usu
514 4668 581 4724 hilis
600 4707 1253 4733 .........
1274 4708 1277 4712 ’
1326 4719 1982 4740 .........
2056 4688 2109 4745 105
