4830 6188
965 1558 1437 1731 Cap-H.

637 1820 1152 1961 llxpouuntur
1202 1818 1797 1961 experimenta..

721 2094 760 2182 l.
824 2094 1273 2211 Eapcrtmerstorsrm
1290 2094 1411 2207 finis
1443 2120 1505 2182 oc
1533 2097 1678 2183 ratio.

294 2327 453 2480 Quum
498 2371 833 2459 observationibus
873 2381 913 2453 in
955 2380 1092 2454 memet
1123 2381 1209 2479 ipso
1246 2379 1450 2471 institutis,
1498 2401 1683 2482 quaenam
1721 2374 1901 2453 alimenta
1938 2373 2138 2483 lucilius,¹
2185 2416 2188 2420 ·

293 2525 478 2606 quaenam
524 2498 717 2580 difficilius
758 2501 1000 2604 digerantur,
1042 2528 1113 2579 nee
1152 2529 1233 2579 nou
1275 2527 1371 2604 quae
1412 2505 1603 2578 momenta
1640 2501 1893 2605 digestionem
1936 2502 2108 2599 foveant,

294 2650 391 2729 quae
432 2623 646 2722 retardent,
695 2631 983 2727 comperissem,
1030 2652 1145 2731 quum
1186 2626 1347 2730 denique
1389 2627 1637 2722 nutrimenta,
1684 2631 1728 2704 ut
1766 2629 1920 2729 penitus
1960 2630 2108 2702 assimi-
2205 2629 2214 2639 “

293 2749 438 2845 lentur,
481 2747 578 2826 dnos
619 2777 762 2855 eosque
803 2752 976 2829 diversos
1015 2754 1236 2856 mutationis
1277 2748 1441 2854 gradrm,
1481 2750 1643 2828 alterum
1684 2757 1723 2828 in
1750 2749 1979 2854 ventriculo,
2014 2751 2108 2828 alte·

294 2901 377 2951 rum
423 2879 463 2950 in
511 2901 627 2953 coeco
671 2879 873 2974 intestino,
922 2872 1052 2952 subire
1093 2872 1233 2953 debere
1279 2875 1573 2953 intellexisscmr
1626 2876 1720 2954 nibil
1759 2880 1883 2978 magis
1922 2881 1962 2952 in
2006 2881 2107 2953 rotis
2140 2974 2146 2982 ·

292 2995 426 3096 babui,
454 3025 565 3104 quam
592 3003 636 3076 ut
663 3004 934 3103 experimentis
962 3004 1064 3076 circa
1090 3000 1269 3077 animalia
1294 2999 1538 3078 instituendis
1566 3002 1800 3098 sciscitarer,
1826 3003 1953 3079 utrum
1973 2997 2108 3079 obser·

293 3127 465 3201 redonas
493 3123 581 3200 illae
610 3124 828 3202 confirmari
861 3134 974 3229 atque
1007 3123 1233 3227 amplificari
1265 3132 1444 3228 possent,
1485 3150 1535 3201 an
1567 3128 1893 3229 restringerentur
1918 3124 2108 3232 aliumque

294 3244 525 3351 praeberent
551 3258 737 3327 eventum.
791 3255 841 3326 At
866 3249 1002 3353 lugere
1029 3276 1089 3326 me
1116 3276 1195 3326 non
1223 3253 1364 3352 potuit,
1397 3253 1498 3328 vires
1524 3251 1779 3328 assimilantes
1805 3251 2016 3346 bominum,
2049 3261 2109 3327 ut·

294 3381 385 3476 pote
413 3377 713 3473 omnivororum,
755 3373 987 3481 aliquantum
1021 3373 1240 3476 discrepare
1268 3380 1450 3475 oportere
1476 3370 1525 3450 ab
1553 3373 1688 3453 iisdem
1720 3372 1866 3451 viribus
1892 3373 2107 3453 animalium

296 3502 583 3577 carnivororum
611 3526 654 3576 er
679 3497 988 3596 berbirororum,
1016 3501 1146 3604 itaque
1173 3498 1322 3576 illarum
1351 3498 1528 3596 allectus,
1557 3500 1661 3604 quod
1688 3498 1737 3575 ad
1755 3498 2009 3602 digestionem
2020 3526 2108 3604 per·

294 3627 430 3720 tineat,
472 3651 550 3700 uon
582 3624 696 3727 plane
728 3622 882 3703 eosdem
916 3627 1083 3702 existere
1109 3650 1245 3727 posse,
1285 3622 1327 3699 id
1354 3622 1459 3728 quod
1485 3627 1590 3700 varia
1616 3623 1845 3728 digestionis
1871 3649 2109 3727 organorum

185 3844 188 3848 .
296 3755 488 3826 structura
511 3751 552 3825 in
580 3752 792 3826 carnivoris
820 3756 859 3827 et
883 3744 1098 3827 berbiroris
1117 3746 1200 3854 jam
1229 3748 1377 3824 doceat.
1431 3747 1491 3824 Re
1519 3755 1644 3826 autem
1670 3752 1886 3825 accuratius
1903 3754 2107 3852 pensitato,
2176 3765 2203 3843 g

296 3871 594 3951 differentiarum
627 3871 777 3951 illarum
810 3872 946 3950 modos
979 3880 1093 3979 atque
1124 3871 1271 3974 gradus
1308 3871 1556 3949 intermedios
1592 3876 1734 3950 variam
1768 3872 1953 3970 indolem,
1995 3901 2107 3978 quam
2145 3952 2151 3960 ,

296 4003 381 4101 ipse
427 3995 655 4102 digestionis
701 4025 910 4101 processus
958 4024 1029 4100 per
1073 4000 1200 4073 varias
1245 3997 1439 4074 bominum
1485 4005 1629 4074 aetates
1676 3995 1873 4093 exhibeat,
1932 4002 2134 4101 apposite,

296 4120 529 4200 indicaturos
571 4151 676 4220 esse,
717 4120 946 4226 apparebat,
989 4148 1104 4226 quum
1144 4129 1184 4198 et
1228 4122 1457 4226 digestionis
1501 4124 1838 4200 instrumentorum
1883 4117 2032 4200 fabrica
2071 4131 2110 4201 et

297 4248 398 4322 vires
431 4248 687 4327 assimilantes
720 4240 960 4350 singulorum
993 4247 1185 4322 hominum
1216 4245 1317 4323 baud
1351 4243 1465 4324 dubie
1494 4252 1670 4349 apprime
1701 4250 1858 4324 varient.
1925 4250 1978 4323 Et
2013 4249 2108 4326 baec

133 4413 136 4417 ·
299 4367 451 4476 quidem
491 4373 626 4449 similia
658 4381 749 4450 sunt
780 4376 820 4447 iu
854 4365 1094 4447 animalibus.
1161 4370 1356 4462 Quamdm
1394 4375 1493 4453 enim
1532 4367 1821 4449 herbirororum
1856 4371 2108 4450 mammalium

298 4495 393 4599 pulli
427 4496 644 4572 nutriuntur
675 4496 791 4593 lacte,
832 4498 996 4599 primus,
1040 4494 1231 4572 secundus
1265 4504 1303 4573 et
1333 4502 1468 4574 tertius
1503 4496 1733 4574 ventriculus
1765 4480 1842 4575 tam
1872 4501 2108 4574 incremento

300 4645 414 4726 quam
427 4619 624 4699 iunctione
643 4631 791 4722 carent3
819 4627 913 4719 imo,
929 4620 1033 4728 quod
1048 4618 1222 4725 equidem
1235 4623 1461 4720 invenerim,
1490 4619 1693 4698 titulorum
1711 4624 1930 4699 intestinum
1950 4647 2108 4699 coecum

299 4744 434 4824 eodem
459 4753 735 4849 temporetam
762 4749 940 4849 exiguam
969 4744 1083 4822 offert
1109 4744 1378 4839 evolutionem,
1419 4752 1478 4839 ut,
1520 4744 1624 4851 quod
1649 4751 1689 4823 in
1717 4746 1928 4821 camiros-is
1955 4772 2027 4848 per
2051 4756 2109 4824 to'·

298 4879 376 4948 tam
402 4874 516 4949 vitam
543 4875 684 4970 evenit,
718 4870 884 4974 digestio
911 4870 993 4948 lere
1021 4894 1045 4945 a
1072 4869 1157 4945 solo
1185 4868 1395 4949 ventriculo
1408 4871 1587 4975 tenuique
1605 4874 1785 4948 intestino
1804 4870 1980 4972 pendeat.
2034 4872 2108 4951 Sin

301 5003 427 5075 autem
443 4996 552 5076 vituli
567 4991 846 5101 vegetabilibus
862 4998 970 5097 pasci
981 4996 1184 5098 incipiunt,
1212 4989 1336 5072 tribus
1349 5021 1434 5072 cum
1444 4993 1665 5076 ventriculis
1677 4992 1941 5097 superioribus
1952 5021 2108 5075 coecum
