4830 6188
1017 410 1309 501 ·10‘

295 630 438 705 corpus
467 599 627 683 effectes
653 607 694 678 in
720 629 768 679 eo
795 605 979 680 nitantur.
1036 602 1171 696 Quare
1197 603 1271 681 hoc
1304 599 1574 708 physiologiae
1607 603 1854 704 principium,
1895 602 2021 701 magis
2048 603 2116 677 mi·
2243 664 2247 669 .

95 806 98 811 .
144 819 147 823 V
294 756 415 807 musve
442 720 664 832 perspicue,
703 732 923 831 praecipuis
956 733 1213 806 recentiorum
1245 725 1456 807 medicinae
1478 731 1707 831 ‘praeceptis
1736 724 1885 804 suhest.
1939 722 2116 803 Stahlins

295 857 620 957 autenergeticam
647 856 785 957 potius·
804 857 970 931 actionis
997 858 1147 959 partem
1184 853 1374 957 neglectis
1407 855 1663 933 incitamentis
1696 856 1869 931 externis
1897 849 2116 930 considera·

293 977 382 1080 hat3
417 985 554 1058 contra
584 981 793 1057 Brovvnius
832 983 1016 1071 externae
1048 984 1182 1084 potius
1218 982 1456 1057 incitationis
1495 983 1645 1082 partem
1685 977 1867 1082 neglecta
1896 981 2118 1079 energetica

288 1109 458 1183 actione.
516 1107 794 1183 Germanorum
821 1133 913 1183 voro
945 1104 1081 1183 medici
1113 1110 1341 1209 nuperrimi,
1384 1132 1546 1209 quorum
1581 1131 1700 1206 supra
1730 1108 1874 1181 mentio
1907 1103 2010 1180 iacta
2043 1109 2115 1196 est,
2210 1212 2217 1218 Π

294 1235 494 1336 mamque
520 1235 669 1334 partem
701 1230 847 1308 utiliter
876 1231 1165 1337 conjunxerunt
1196 1233 1237 1309 et
1267 1229 1318 1308 ad
1345 1256 1432 1308 eom
1457 1230 1574 1307 tinam
1593 1229 1676 1336 jam
1696 1234 1977 1334 pervenerunt,
2005 1253 2115 1332 quem

295 1356 496 1433 Gallorum
529 1356 646 1459 aliqui
678 1382 748 1457 per
779 1359 981 1433 Broussaii
1014 1355 1247 1434 methodumv
1267 1359 1451 1458 expetere
1483 1355 1673 1433 ierunttrr.
1732 1354 2117 1433 Dolcndum.tamen
2215 1438 2241 1449 ‚

278 1486 358 1560 'est
396 1479 653 1588 physiologos
696 1486 905 1562 acerrimae
937 1480 1054 1587 hujus
1092 1484 1378 1562 controversiae
1417 1480 1542 1558 adhuc
1573 1508 1709 1584 parum
1741 1482 1951 1589 participes
1983 1479 2123 1575 inisse,

293 1605 464 1709 alioquin
511 1605 648 1682 melius
689 1605 853 1683 forsitan
893 1606 1179 1683 intellexissent
1217 1605 1372 1703 medici,
1424 1610 1587 1685 maxime
1632 1605 1684 1683 ad
1728 1604 1828 1682 hanc
1872 1630 1954 1710 rem
1999 1607 2118 1681 inter·

182 1800 185 1812 ,
293 1758 383 1810 csse
429 1758 510 1809 non
550 1730 675 1808 solum
712 1729 859 1839 gradus
894 1730 963 1808 sed
995 1735 1107 1808 etiam
1140 1735 1400 1834 proprietates
1432 1736 1597 1809 actionis
1630 1735 1845 1809 concitatae
1877 1735 1918 1808 in
1950 1729 2118 1834 singulis

181 1950 185 1960 Ι
294 1853 491 1960 partihus,
517 1881 643 1959 neque
669 1861 794 1933 minus
822 1855 1057 1934 differentias
1089 1859 1168 1933 tam
1201 1860 1438 1959 organorum
1473 1860 1719 1934 incitatarum
1752 1884 1866 1961 qnam
1898 1872 2029 1934 rerum
2061 1859 2117 1931 in·

294 1984 492 2059 citantium
517 1977 619 2058 hene
644 1986 878 2084 perspicere.
931 1984 1030 2059 Nam
1057 1980 1191 2058 horum
1223 2006 1354 2061 rerum
1386 1980 1550 2059 dirersis
1581 1977 1799 2060 rationibus
1836 1980 2011 2060 diversae
2041 2007 2116 2059 mc·

297 2104 411 2185 dandi
437 2111 520 2183 viae
552 2105 803 2207 respondent.

426 2230 570 2308 Medici
597 2257 689 2309 vero
715 2230 914 2337 hucusque
941 2229 1162 2337 qualitatem
1188 2236 1314 2335 magis
1329 2258 1375 2307 ac
1387 2230 1552 2333 gradum
1564 2236 1729 2310 actionis
1742 2234 1922 2310 incitatae
1935 2257 2112 2336 respexe-

293 2359 404 2451 runt,
444 2355 625 2458 neglecta
656 2382 786 2434 earum
818 2362 858 2434 in
892 2356 1055 2435 diversis
1081 2354 1259 2460 partibus
1294 2354 1522 2434 differentia.
1578 2360 1832 2436 (lontravero
1849 2352 2115 2464 physiologiae

198 2464 205 2475 ’
248 2519 251 2524 -
294 2484 496 2584 genetieae
522 2483 764 2583 propositum
792 2509 879 2559 esse
907 2478 1040 2578 dehet,
1067 2482 1288 2586 qualitatem
1316 2479 1430 2559 simul
1457 2484 1498 2560 et
1522 2483 1691 2563 indolem
1723 2486 1916 2560 actionum
1944 2486 2118 2561 incitata·

294 2633 380 2686 rum
420 2632 625 2710 earumque
656 2610 915 2709 proprietates
959 2612 1213 2710 investigare,
1251 2613 1293 2684 in
1326 2602 1466 2713 quihus
1496 2633 1588 2684 vera
1618 2635 1748 2688 aarum
1782 2613 1958 2710 cognitio
1988 2613 2118 2710 posita

296 2736 370 2812 cst.
422 2732 662 2833 imperfectis
694 2735 820 2809 autem
853 2731 1132 2837 physiologicis
1165 2737 1364 2836 principiis
1397 2738 1619 2811 necessario
1651 2734 1900 2837 pathologiae
1927 2736 1968 2810 et
1991 2733 2118 2812 aare

295 2861 468 2963 pantices
494 2855 742 2934 fundamenta
769 2856 858 2937 inde
888 2855 1058 2934 derivata
1084 2856 1313 2936 claudicant.
1367 2859 1467 2934 Nam
1493 2858 1663 2936 medicus
1689 2886 1796 2937 raro
1824 2859 1976 2965 quidem
2002 2859 2118 2936 nedi-

235 2998 237 3004 '
295 2985 557 3062 camentorum
583 2988 756 3086 ipsorum
785 2981 968 3086 qualitate
995 2978 1170 3059 mochum
1198 2984 1352 3086 ponitus
1379 2984 1591 3088 attingere,
1618 3010 1844 3090 nunquam
1872 2984 1954 3063 iere
1979 2983 2117 3063 tollere

295 3112 444 3213 potest,
485 3110 620 3210 utpote
648 3114 713 3214 qni
740 3106 826 3186 sola
851 3109 1028 3184 sanitatis
1061 3111 1294 3186 excitatione
1326 3106 1578 3211 expellendus
1611 3113 1680 3207 sit,
1720 3112 1776 3186 ita
1800 3114 1845 3188 ut
1870 3109 2119 3186 medicamina

296 3238 453 3311 nonnisi
478 3238 654 3336 corporis
679 3239 782 3315 vires
808 3235 978 3310 excitare
1005 3237 1046 3310 et
1072 3260 1156 3311 cnm
1184 3228 1322 3310 morho
1350 3238 1586 3312 committere
1612 3239 1778 3339 possint.
1834 3235 1954 3329 Quod
1980 3241 2020 3314 in
2033 3242 2118 3314 uni-

295 3386 451 3438 versum
478 3360 706 3437 servandum
733 3361 805 3437 ost.
861 3359 909 3436 si
935 3384 1027 3435 vero
1054 3358 1104 3435 ad
1131 3357 1368 3461 singularum
1395 3364 1561 3460 partium
1588 3363 1779 3460 actiones,
1807 3389 2012 3466 earumque
2026 3391 2118 3441 con·

297 3489 502 3565 citationes
529 3488 710 3587 proprias
737 3483 1021 3580 descendimus,
1049 3484 1161 3562 facile
1188 3511 1277 3562 sese
1303 3481 1436 3582 oli'ert,
1463 3488 1724 3586 cognitionem
1751 3491 1987 3565 incitationis
2004 3512 2118 3591 orga·

295 3638 433 3689 norum
461 3610 657 3716 hucusque
684 3609 853 3688 nondum
888 3637 1021 3686 omnes
1053 3607 1123 3687 sed
1155 3608 1330 3686 animalis
1362 3612 1510 3686 tantum
1536 3612 1637 3685 vitae
1663 3609 1900 3710 lunationes,
1927 3618 1953 3690 i.
1975 3640 2009 3690 o.
2031 3642 2118 3691 sen·

298 3765 409 3815 suum
442 3739 483 3815 ot
514 3741 703 3832 motuum,
745 3734 958 3837 complecti.
1013 3737 1159 3811 Virium
1192 3739 1320 3812 autem
1356 3737 1457 3812 vitae
1489 3738 1727 3836 vegetativae
1759 3764 1830 3840 per
1861 3743 1994 3841 partes
2026 3769 2117 3818 suas

298 3862 506 3967 explicatio
534 3863 593 3941 vel
621 3861 790 3968 analysis
816 3860 929 3962 plane
956 3858 1079 3938 adhuc
1105 3859 1295 3963 neglecta.
1348 3862 1447 3937 Nam
1472 3858 1607 3936 herum
1634 3858 1840 3939 chemieam
1855 3868 1987 3966 potins
2008 3868 2119 3944 indo·-

298 3987 373 4068 lem
399 3989 536 4069 medici
562 3988 856 4093 inquisiverunt,
883 3990 937 4064 ita
962 3990 1006 4062 ut
1037 3985 1195 4063 multum
1222 3984 1346 4061 adhuc
1373 4012 1515 4088 operae
1541 3989 1582 4063 in
1609 3985 1845 4090 digestione,
1888 3990 2118 4091 stagnilios..

297 4118 422 4213 tione,
449 4119 704 4215 respiratione
731 4110 1007 4214 investigandis
1034 4111 1217 4189 collocari
1244 4107 1394 4188 dehent.
1450 4111 1533 4190 Sed
1559 4138 1644 4189 cum
1670 4115 1770 4190 vitae
1785 4115 2023 4213 vegetativae
2040 4146 2118 4195 ma·

299 4245 363 4343 gis
391 4240 572 4344 qualitas,
604 4239 757 4319 animali
784 4240 920 4314 contra
952 4240 1143 4340 quantitas
1171 4240 1211 4315 ot
1236 4235 1382 4342 gradus
1407 4236 1687 4340 respondeant,
1727 4233 1869 4313 iactum
1897 4242 1976 4336 est,
2007 4247 2052 4319 ut
2076 4250 2117 4321 in

299 4365 368 4442 illa
400 4365 525 4443 solum
556 4368 718 4468 gradum
752 4366 933 4460 actionis,
970 4366 1012 4439 in
1044 4362 1116 4440 hac
1142 4392 1233 4441 vero
1268 4362 1389 4441 solam
1415 4362 1584 4441 indolem
1617 4362 1821 4440 chemicam
1848 4369 2116 4468 quaesiverint,

132 4584 138 4597 Ι
300 4489 341 4567 id
372 4489 478 4596 quod
509 4493 709 4595 utriusque
741 4491 979 4568 functionum
1011 4494 1167 4591 generis
1200 4492 1459 4592 cognitionem
1490 4488 1750 4590 imperfectam
1782 4487 1960 4565 reddidit
2020 4495 2116 4569 Nam

303 4615 386 4694 lieri
412 4619 560 4719 potest,
586 4620 632 4693 ut
657 4622 697 4692 in
723 4614 869 4693 morbis
896 4615 1115 4722 systematis
1142 4614 1315 4692 animalis
1342 4617 1535 4693 actionum
1560 4611 1729 4713 indoles,
1755 4618 1796 4691 in
1822 4612 1884 4689 his
1911 4617 2036 4692 anim
2064 4624 2117 4695 vi·

301 4748 365 4818 tae
390 4744 629 4844 vegetativos
654 4743 846 4817 actionum
873 4741 1072 4844 gradosa
1098 4746 1262 4820 sanitate
1291 4739 1492 4835 recedant,
1531 4735 1671 4844 quihus
1704 4737 1895 4842 neglectis
1930 4739 2118 4822 medicina

296 4871 524 4946 necessario
571 4894 705 4945 manca
745 4871 785 4943 et
830 4863 970 4946 debilis
1012 4867 1200 4944 redditur.
1269 4862 1562 4943 Observandum
1603 4869 1664 4943 est
1707 4888 1827 4968 porro
1871 4862 2118 4945 medicamina

302 4993 436 5072 eodem
474 4993 592 5071 modo
636 4991 803 5072 indolem
836 4995 905 5068 aut
934 4991 1105 5094 gradum·
1129 4995 1262 5095 potius
1289 4993 1487 5067 actionum
1514 4995 1679 5086 mutare,
1717 5016 1790 5067 nec
1817 4989 2009 5068 chemicos
2035 4997 2118 5069 ton·
