4830 6188
1186 482 1189 487 ,
1308 392 1395 526 on

309 708 315 715 ,
436 634 476 705 iu
503 631 634 730 patina
660 626 904 730 porcellanea
929 624 1076 711 bulneo
1097 624 1219 729 aquae
1245 632 1427 730 imposita
1453 629 1502 706 ad
1516 634 1656 706 siceum
1673 628 1936 728 evaporandas
1951 630 2093 705 curavi.
2150 628 2251 703 Pon·

438 753 510 829 dus
537 779 627 830 vero
654 778 805 828 massae
830 755 1061 827 remanentis
1095 778 1171 855 qno
1199 756 1414 830 accuratius
1443 753 1599 830 delinire
1631 778 1804 855 possem,
1838 757 2049 861 patinarum
2078 746 2252 855 pon'der'a

439 888 551 954 antea
577 880 722 953 statera
748 880 971 954 examinavi.
1029 880 1199 980 Utraque
1231 904 1323 954 vero
1357 882 1485 981 portio
1519 881 1802 956 accuratissime
1834 874 1951 953 dabat
1983 903 2106 980 gruna
2133 903 2254 952 nona·

436 976 548 1104 ginta
573 981 716 1078 residui
745 1005 837 1077 sicci
863 1006 944 1079 uiri
973 1003 1141 1105 expositi
1167 1005 1344 1104 protinus
1360 1001 1626 1097 humescentis,
1655 1002 1797 1079 coloris
1818 1027 1868 1077 ex
1879 999 2252 1079 albo-[laveseentis.

437 1125 603 1207 Iudicem
632 1123 749 1204 debet
774 1127 914 1203 indolis
942 1124 1050 1203 raldo
1078 1124 1270 1203 alculicae.
2060 1141 2065 1151 “

571 1255 683 1327 Nunc
722 1278 812 1326 vcro
852 1277 936 1326 eum
975 1277 1052 1325 non
1085 1250 1262 1327 vidissem
1301 1254 1509 1351 portiones·
1541 1249 1700 1346 salivae,
1742 1250 1926 1327 collectos
1964 1254 2064 1327 iuter
2102 1256 2254 1355 pastum

389 1354 394 1363 ¹
438 1382 478 1489 et
503 1379 604 1453 iuter
623 1352 789 1480 jejunia5
817 1373 896 1450 ullo
925 1372 1040 1449 modo
1067 1377 1165 1451 inter
1193 1401 1236 1451 se
1265 1372 1431 1469 differre,
1460 1380 1600 1478 quippe
1627 1380 1826 1477 utriusque
1854 1374 2007 1481 pondus
2022 1376 2252 1475 spondeum,

439 1501 565 1596 color,
592 1527 710 1600 sopor
737 1527 808 1575 uec
834 1503 959 1574 minus
985 1498 1140 1595 indicia,
1169 1524 1265 1602 qnae
1293 1497 1478 1575 adversus
1506 1502 1661 1602 agentia
1687 1498 1855 1575 obemica
1882 1495 2176 1594 exserebantur,
2212 1505 2252 1577 in

380 1656 392 1685 ··
440 1622 616 1701 omnibus
651 1621 893 1726 portionibus
928 1624 1059 1699 essent
1091 1622 1239 1718 eodem,
1281 1651 1359 1698 non
1388 1650 1439 1699 ex
1465 1652 1508 1701 re
1537 1652 1625 1702 esse
1658 1623 1802 1699 credidi
1834 1631 2034 1728 utrumque
2060 1625 2254 1701 residuum
2341 1724 2343 1728 .

439 1753 580 1826 siecum
610 1752 812 1852 separatim
841 1746 1044 1849 explorare
1071 1752 1184 1851 atque
1211 1751 1389 1848 protinus
1416 1748 1578 1826 alterum
1606 1730 1692 1825 cum
1720 1748 1841 1827 oltero
1869 1754 2099 1824 commiscui.

1189 2069 1396 2159 Experior.
1432 2069 1486 2138 50.

1048 2188 1182 2270 'minuo
1199 2210 1298 2271 meon
1312 2211 1379 2270 ece
1395 2211 1424 2269 n
1440 2211 1535 2291 sptem
1551 2211 1614 2269 nn.
1769 2287 1777 2297 ‚

412 2346 414 2353 ·
480 2354 489 2381 x
575 2325 763 2399 Cunetum
790 2346 882 2399 vero
909 2322 1120 2421 residuum,
1147 2350 1218 2425 per
1245 2328 1375 2399 omnia
1400 2321 1584 2424 ponderis
1612 2330 1822 2423 granorum
1854 2328 1948 2420 180,
1982 2312 2067 2400 cum
2096 2325 2255 2424 spiritus
2361 2414 2364 2423 ‚

440 2446 535 2542 vini,
555 2445 749 2548 'ponderis'
773 2445 943 2548 specifici
970 2451 1008 2545 0,
1037 2446 1133 2543 835,
1160 2449 1284 2523 unciis
1311 2448 1459 2548 septem
1486 2471 1558 2547 per
1585 2450 1609 2522 6
1637 2444 1755 2524 boras
1783 2472 1906 2552 aquae
1934 2443 2075 2525 balneo
2096 2447 2254 2549 digessi.
2401 2502 2403 2506 ι

383 2641 389 2653 ,
443 2572 557 2663 Quae
585 2573 725 2673 spiritu
756 2573 833 2646 riui
859 2568 1081 2649 insolubilia
1106 2576 1389 2668 remensenmt,
1416 2571 1509 2671 post
1535 2571 1831 2658 exsiccationem
1861 2574 1910 2651 70
1929 2598 2140 2674 granorum
2160 2598 2256 2674 pou·

441 2695 514 2772 dus
541 2691 753 2793 hebebant,
781 2699 838 2772 sie
864 2702 907 2772 ut
932 2698 972 2772 in
985 2693 1124 2797 spiritu
1139 2698 1216 2772 vini
1232 2720 1357 2797 grana
1376 2698 1451 2772 110
1470 2693 1720 2771 solverentur.
1766 2696 1936 2796 Spiritus
1954 2699 2048 2794 vini,
2076 2696 2135 2774 bis
2168 2722 2256 2798 par-

440 2814 544 2896 tibus
584 2818 739 2918 solutis,
778 2821 947 2900 colorem
984 2821 1066 2899 fere
1101 2845 1180 2896 uon
1218 2823 1393 2916 mutarit,
1433 2827 1536 2939 certe
1564 2821 1722 2911 ‚nonnisi
1760 2824 2009 2925 inconspicua
2043 2820 2255 2923 lleyeseens

441 2946 637 3045 apparuit,
665 2973 892 3052 quamquam
920 2944 1112 3024 residuum
1140 2950 1283 3021 siccum
1310 2947 1497 3021 intensius
1524 2941 1662 3023 {larum
1689 2945 1772 3022 luit.

575 3069 790 3148 Solutionis
809 3056 946 3147 'autem
980 3071 1209 3172 spirituosee
1237 3067 1330 3145 baec
1358 3073 1518 3170 proprio
1546 3077 1665 3148 erant.
1720 3070 1901 3147 Chartam
1935 3067 2090 3153 rubram
2124 3097 2256 3147 caeru·

380 3267 384 3279 ,
440 3195 503 3273 leo
536 3199 651 3272 tinxit
683 3196 826 3272 colore.
879 3199 1038 3272 Ferrum
1070 3198 1307 3271 muriatieum
1341 3199 1558 3270 coceineum
1591 3193 1696 3270 dedit
1729 3195 1909 3272 colorem.
1965 3196 2255 3299 Hydrarffirum
2345 3184 2351 3201 ’
2385 3286 2387 3291 ¹

422 3318 690 3424 ‘oxydulatum
703 3323 878 3397 uitricum
892 3317 1019 3396 olbam
1034 3322 1262 3421 opacitatem
1273 3318 1399 3397 effecit
1408 3324 1448 3395 in
1461 3323 1651 3395 cinereum
1663 3319 1911 3396 sedimentum
1924 3319 2137 3418 abeuntem,
2152 3321 2255 3426 quod

440 3472 566 3552 neque
578 3444 688 3522 acido
705 3448 905 3522 muriatico
919 3470 1043 3549 neque
1055 3443 1165 3521 acido
1183 3447 1320 3519 uitrico
1337 3447 1490 3544 penitus
1507 3441 1604 3520 solvi
1621 3446 1746 3545 potuit
1764 3444 1877 3521 simili
1894 3453 2046 3542 eventu,
2075 3449 2140 3550 qui
2168 3472 2269 3549 evo„

441 3558 574 3669 ceturj
589 3568 657 3648 ubi
683 3573 726 3648 in
740 3570 928 3678 liquorem
946 3572 1123 3645 ammonii
1150 3570 1310 3645 caustici
1336 3568 1464 3673 liquor
1496 3565 1724 3672 hydrargyri
1751 3572 1878 3645 uitrici
1911 3569 2130 3648 instillatur.
2185 3577 2256 3651 Ar-

440 3700 599 3802 gentum
624 3699 801 3776 uitricum
828 3696 1055 3823 opacitatem
1082 3697 1216 3797 genuit
1241 3717 1312 3796 per
1337 3691 1525 3798 liquorem
1553 3696 1731 3771 ammonii
1758 3697 1917 3770 caustici
1928 3705 2228 3775 evanescentem.

1220 3992 1427 4082 Experiar.
1463 3991 1525 4062 51.

1098 4132 1249 4194 Deotfllntio
1271 4131 1411 4195 solutionis
1432 4135 1597 4215 spirituoaae.

578 4249 796 4328 Solutiouis
822 4272 914 4326 vere
942 4249 1171 4351 spirituosae
1198 4251 1333 4324 uncias
1362 4254 1527 4352 quatuor
1552 4249 1749 4324 inretorto
1758 4249 1880 4324 vitrea
1889 4245 1966 4325 leui
1983 4252 2074 4351 igne
2087 4248 2256 4331 desuda
2378 4226 2380 4230 ¹

440 4378 538 4454 tioui
563 4372 737 4452 submisi.
867 4386 873 4400 '
2324 4387 2336 4476 J

576 4502 724 4607 Liquet
756 4496 970 4579 destillatus
1001 4495 1106 4572 l'erro
1143 4498 1343 4573 muriatico
1377 4500 1557 4573 coccineo
1591 4495 1721 4572 colore
1754 4492 1985 4598 tingebatur.
2044 4503 2256 4602 Argentum

443 4627 618 4703 uitricum
647 4628 827 4728 exiguam
855 4627 890 4700 ei
918 4622 1022 4701 dedit
1050 4625 1288 4722 opacitatem.
1342 4621 1489 4725 Liquor
1515 4620 1745 4727 lrydrargyri
1764 4624 1889 4697 uitrici
1909 4623 2105 4727 oxydulati
2125 4623 2254 4704 album

443 4750 693 4827 sedimentum
719 4750 869 4851 genuit,
898 4748 1002 4853 quod
1029 4744 1180 4850 adjecto
1209 4746 1319 4824 acido
1346 4748 1545 4821 muriatico
1572 4747 1718 4845 nigruit
1744 4771 1868 4848 neque
1886 4772 1978 4822 vero
1998 4749 2164 4825 solutum
2184 4761 2254 4829 est.

442 4874 602 4952 Aridum
627 4876 804 4951 uitricum
833 4857 946 4950 solvit
970 4870 1066 4949 illud
1099 4869 1250 4974 quidem
1284 4870 1545 4965 sedimeutum
1584 4869 1712 4975 liquor
1739 4876 1865 4946 temen
1895 4875 2051 4950 retinnit
2074 4875 2256 4976 'opacita-

443 5004 518 5079 tem
535 4998 748 5106 quandam.
864 5022 867 5027 ·
