4830 6188
1167 499 1225 591 81

292 697 431 778 tricule
459 697 609 774 illorum
636 693 870 790 animalium,
896 687 1126 795 urgentibus
1140 689 1317 770 vomendi
1343 685 1558 790 conatibus,
1583 692 1753 770 retinens
1780 696 1839 771 vis
1865 693 2004 775 solaiu
2017 724 2105 775 ven·
2201 679 2205 685 ⁴

292 822 422 904 triculi
449 821 750 898 conformatione
776 816 939 922 indeque
966 817 1156 921 pendente
1183 825 1352 894 motuum
1379 818 1518 892 natura
1543 818 1673 918 posita
1699 821 1771 896 est.

429 947 575 1023 Contra
600 971 691 1023 vero
718 946 882 1019 vomitus
911 970 957 1020 eo
987 940 1202 1045 expeditius
1230 940 1290 1038 fit,
1325 968 1400 1044 quo
1427 943 1551 1042 magis
1577 941 1808 1019 ventriculus
1837 943 2041 1047 elongatur
2067 951 2105 1025 et

295 1074 343 1150 ad
375 1075 643 1149 intestinorum
679 1067 1020 1144 conformationem
1061 1065 1222 1161 accedit,
1264 1070 1318 1141 sic
1353 1069 1395 1140 ut
1428 1063 1503 1141 cibi
1542 1063 1601 1140 vel
1640 1092 1817 1165 prorsum
1845 1069 1915 1146 'vel
1954 1096 2104 1147 rursum

291 1206 398 1276 recta
429 1197 510 1272 sere
543 1194 592 1271 ad
624 1188 823 1270 ventriculi
856 1220 925 1268 ora
957 1189 1233 1293 propellantur.
1288 1192 1413 1266 Canes
1446 1193 1583 1291 igitur,
1623 1188 1726 1266 velut
1753 1197 1880 1268 omnia
1907 1199 2107 1295 carnivora

294 1316 487 1418 animalia,
517 1349 578 1407 ex,
594 1318 786 1395 levissima
814 1342 929 1392 cansa
956 1318 1128 1412 vomunt,
1159 1324 1196 1390 ct
1223 1318 1261 1388 in
1290 1318 1377 1413 ipso
1404 1313 1556 1391 homine
1582 1313 1678 1389 haec
1706 1315 1921 1393 differentia
1948 1325 2106 1397 111111-

295 1445 423 1543 detur,
465 1442 704 1537 11111111111,
733 1443 895 1543 propter
926 1438 1109 1544 majorem
1144 1466 1229 1514 cum
1262 1441 1471 1513 carnivoris
1504 1438 1782 1516 similitudinem
1817 1441 1966 1518 facilius
1995 1472 2107 1548 squam

296 1598 426 1666 senes,
456 1594 617 1671 qnorum
643 1562 876 1641 ventriculus
904 1569 1032 1665 magis,
1057 1563 1105 1639 ad
1132 1561 1420 1639 berbirororum
1449 1567 1679 1638 structuram
1706 1563 1879 1661 inclinat,
1912 1574 2080 1667 vomant.

429 1696 481 1770 ct
509 1693 605 1767 lianc
632 1716 712 1766 rem
740 1687 880 1764 clarius
908 1686 1178 1788 intelligerem,
1213 1686 1387 1761 cuniculo
1416 1691 1542 1763 statim
1576 1695 1666 1786 post
1697 1688 1945 1765 ventriculum
1977 1691 2109 1794 imple·

298 1829 373 1897 tum
402 1815 537 1894 dabam
565 1841 689 1918 grana
716 1813 791 1889 duo
819 1815 954 1886 tartari
982 1809 1141 1908 stibiati,
1170 1839 1265 1915 qnae
1293 1837 1377 1886 cum
1405 1808 1575 1911 paullulo
1604 1810 1776 1888 sacchari
1803 1818 1841 1889 et
1868 1819 1979 1914 panis
2008 1844 2109 1892 com-

249 2041 255 2049 ·
296 1947 408 2020 mista
436 1949 572 2042 sponte
601 1939 805 2016 devoravit.
859 1936 956 2013 Post
984 1933 1230 2039 ‹qrradrantem
1257 1935 1374 2011 borae
1393 1931 1530 2009 animal
1548 1937 1715 2037 inquiete
1725 1934 1965 2040 jactabatur,
1994 1947 2109 2045 atque

283 2080 385 2144 'mox
413 2071 565 2142 anxium
595 2060 835 2156 circumibat,
862 2068 940 2134 tum
975 2057 1286 2134 nauseabundum
1315 2055 1652 2154 contremiscebat,
1680 2064 1897 2164 neutiquam
1925 2090 2016 2141 vero
2043 2094 2109 2165 vo-

295 2191 438 2269 mebat.
494 2194 599 2266 llaec
626 2217 689 2265 res
717 2189 931 2289 praeceptis
960 2183 1205 2258 illustrissimi
1226 2181 1441 2284 Magendii,
1464 2186 1536 2286 ‚qui
1564 2180 1738 2260 ellectum
1766 2185 2022 2264 musculorum
2041 2190 2109 2267 ab·

195 2418 199 2423 ,
280 2316 460 2397 'dominis
490 2325 527 2390 et
555 2312 856 2414 diapbrngnratis
883 2314 923 2385 in
952 2312 1130 2382 vomitum
1165 2307 1436 2408 experimentis
1465 2310 1606 2407 optime
1633 2307 1852 2406 illustrarit,
1887 2337 1965 2386 11111
1996 2341 2109 2416 repu·
2255 2398 2261 2403 ,

297 2445 410 2543 gual,
437 2466 524 2515 nam
539 2437 784 2531 ventriculus,
813 2437 846 2508 si
873 2437 1035 2508 vomitus
1063 2431 1146 2508 fieri
1173 2435 1320 2533 potest,
1349 2427 1445 2507 cibis
1472 2434 1639 2507 nonnisi
1658 2431 1914 2532 directionem,
1938 2441 1977 2511 in
1997 2466 2108 2542 quam

299 2573 525 2668 egeruntur,
559 2556 745 2663 impertit,
779 2585 903 2662 neque
931 2558 1067 2662 ejectio
1096 2561 1182 2657 ipsa
1210 2561 1292 2634 sine
1324 2553 1582 2633 musculorum
1615 2553 1828 2636 abdominis
1862 2562 1901 2636 ct
1934 2559 2109 2666 diaphra-

297 2694 439 2794 gmatis
467 2687 683 2792 adjumento
711 2684 845 2786 pertici
871 2685 1013 2785 potest.

432 2815 738 2887 Ruminationem
766 2817 888 2884 nartem
922 2806 1137 2885 animalium
1170 2813 1436 2888 ruminantium
1464 2814 1517 2886 ita
1543 2808 1627 2888 lieri
1654 2813 1778 2913 patet,
1819 2820 1861 2886 ut
1893 2816 1931 2889 in
1963 2816 2110 2894 rumine

298 2934 375 3015 cibi
402 2937 483 3014 lenc
510 2962 588 3011 non
615 2937 856 3028 moveantur,
885 2932 1019 3008 saltem
1047 2960 1124 3007 non
1151 2937 1344 3030 notentur,
1374 2963 1457 3012 cum
1484 2935 1707 3039 liquidiores
1736 2922 1828 3031 sirit,
1863 2964 1975 3041 quam
2002 2947 2044 3014 nt
2071 2944 2110 3016 in
2157 2968 2159 2970 ’

185 3036 202 3069 ”
299 3089 462 3138 massam
492 3062 756 3139 cohaerentem
784 3056 1064 3158 conglomerari
1098 3058 1260 3159 possint.
1314 3058 1409 3136 Inde
1437 3065 1549 3138 etiam
1576 3059 1689 3136 facile
1718 3059 1858 3158 clucet,
1888 3067 1922 3138 si
1949 3064 2110 3142 musculi

300 3185 515 3264 abdominis
544 3194 581 3263 et
609 3184 857 3285 diaphragma
884 3184 1065 3258 intestina
1097 3191 1270 3284 premant
1295 3178 1410 3259 bolos
1443 3211 1584 3288 parvos
1617 3182 1753 3261 borum
1785 3183 1974 3284 ciborum,
2014 3189 2112 3290 pnlti

301 3312 494 3409 similium,
537 3317 576 3385 in
611 3308 872 3410 oesoplmgum
907 3304 1069 3383 subinde
1102 3307 1308 3384 ascendere
1335 3334 1466 3410 posse.
1520 3308 1645 3414 llujus
1672 3336 1881 3412 processus
1909 3313 2110 3389 decursum

299 3436 359 3512 111.
387 3436 576 3514 Flonrcus
602 3438 679 3509 tam
710 3431 870 3508 dilucide
904 3435 1103 3531 exposuit,
1138 3436 1180 3508 ut
1205 3432 1266 3508 hic
1295 3433 1462 3509 sufficiat
1489 3433 1572 3540 ejus
1598 3428 1754 3512 labores
1783 3463 2110 3518 commemorasse.

300 3561 400 3662 (sid.
414 3564 580 3637 Notizcn
595 3584 628 3633 a.
645 3557 680 3633 d.
697 3553 856 3634 Gebicte
871 3556 1098 3632 «1111111111-
1113 3557 1189 3633 und
1202 3557 1415 3635 ticillrundc
1428 3557 1501 3635 Bd.
1516 3563 1580 3639 33.
1595 3561 1644 3638 N.
1661 3563 1751 3640 708.
1765 3556 1938 3639 Februar
1955 3561 2094 3663 1832.)

851 3802 928 3879 Quae
944 3801 1082 3864 ventriculi
1099 3812 1200 3863 motum
1216 3813 1320 3884 praeter
1335 3812 1455 3864 murm
1471 3805 1562 3866 citent.

437 3931 519 4011 Sed
547 3931 622 4008 alia
649 3934 806 4031 insuper
833 3930 980 4008 accedit
1007 3933 1198 4030 condicio,
1228 3960 1302 4036 qna
1330 3929 1502 4011 ciborum
1529 3934 1696 4012 nondum
1724 3935 1892 4038 perfecte
1911 3943 2114 4014 concocto-

302 4089 386 4138 rum
412 4062 597 4136 transitus
626 4058 664 4130 in
693 4059 872 4131 intestina
900 4061 1053 4154 citetur,
1081 4066 1213 4159 utpote
1241 4060 1352 4134 nimis
1379 4057 1524 4163 liquida
1551 4086 1694 4157 eorum,
1724 4064 1883 4164 quaein
1901 4060 2113 4138 ventriculo

303 4188 491 4286 congesta
519 4191 623 4278 sunt,
651 4179 812 4256 indoles.
866 4184 956 4258 dam
985 4181 1266 4283 supradictum
1296 4189 1355 4260 est
1382 4181 1491 4260 cibos
1520 4184 1791 4261 diuturniorem
1809 4187 2008 4262 moramin
2025 4213 2115 4264 veu-

303 4309 440 4387 triculo
479 4305 663 4383 habentes
697 4309 736 4381 in
767 4332 932 4380 massam
973 4332 1141 4382 crassam
1180 4305 1424 4384 solidescere.
1485 4308 1604 4401 Quod
1643 4308 1793 4415 quidem
1831 4312 1927 4410 ipsis
1959 4306 2114 4413 liquidis

303 4435 492 4512 alimentis
525 4429 679 4524 accidit,
720 4457 805 4506 nam
839 4429 900 4506 lac
932 4436 972 4507 in
1005 4429 1214 4508 ventriculo
1248 4431 1425 4531 vitulino,
1467 4436 1610 4534 agnino
1637 4432 1877 4537 haedinoque
1908 4436 1949 4509 in
1982 4433 2115 4510 duram

304 4585 470 4643 massam
497 4563 587 4659 post
614 4553 920 4655 coagulationem
948 4551 1047 4653 abit,
1082 4581 1269 4660 omneque
1298 4582 1424 4633 serum
1457 4561 1633 4659 protinus
1663 4562 1871 4654 evanescit,
1906 4564 2009 4635 certo
2036 4583 2115 4636 non
2247 4653 2253 4659 ·

307 4685 383 4760 alio
397 4682 511 4758 modo
527 4707 637 4785 quam
653 4704 724 4779 per
736 4680 933 4755 ventriculi
948 4675 1249 4780 absorptionem.
1304 4679 1407 4758 ldem
1423 4685 1461 4757 in
1474 4681 1534 4757 bis
1548 4680 1789 4783 potionibus,
1818 4708 1916 4788 quae
1929 4708 2008 4756 non
2027 4707 2117 4758 cea·

306 4808 506 4911 gadantur,
535 4805 697 4909 simplici
726 4799 974 4906 absorptione
1003 4832 1143 4910 aquae,
1171 4803 1316 4880 relictis
1343 4802 1519 4908 partibus
1548 4804 1681 4883 solidis
1708 4811 1748 4884 in
1776 4834 1823 4884 ea
1850 4805 2005 4902 solutis,
2032 4805 2117 4882 lieri

307 4929 508 5009 verisimile
537 4934 608 5007 est.
662 4933 796 5034 Neque
822 4928 1053 5006 credendum
1082 4933 1275 5031 potionem
1304 4930 1464 5032 simplici
1485 4957 1556 5006 sua
1580 4928 1792 5035 liquiditate
1811 4928 2006 5009 stomacho
2026 4928 2118 5008 alie·

307 5080 395 5131 nam
428 5077 527 5132 esse.
581 5059 756 5133 Attamen
789 5061 878 5131 sunt
908 5058 1089 5156 potiones
1121 5054 1181 5132 rel
1209 5057 1402 5132 irritantes
1428 5054 1489 5133 rel
1516 5059 1766 5158 gravissimae
1797 5058 1992 5154 materiae,
2019 5080 2119 5162 quae

1645 5184 1691 5258 11
