4830 6188
1091 493 1096 501 ,
1256 356 1323 495 fis
1433 534 1439 538 ⁵

166 684 173 691 .
293 610 296 619 ‘
361 596 608 700 >methonem
632 605 882 682 electionum
906 598 1077 676 ordinem
1100 601 1275 701 peream
1300 622 1379 674 non
1399 600 1689 702 cognoscimus,
1717 601 1799 677 tum
1817 600 1920 706 quod
1943 604 2028 680 sine
2049 601 2110 681 his
2126 604 2221 712 phy·
2295 677 2298 681 .

399 742 574 841 ’siologia
596 738 637 808 in
661 727 868 804 medicinae
894 752 1004 801 usum
1029 728 1200 802 converti
1222 751 1301 800 non
1323 727 1466 826 potest.
2162 796 2166 801 ,

539 854 647 953 Quicl
676 851 780 956 qnod
808 855 921 928 etiam
951 855 1154 952 empiricae
1184 852 1417 951 cognitionis
1441 851 1583 926 veritas
1610 849 1760 926 rationo
1790 849 2030 955 exploranda
2056 881 2102 931 ac
2131 881 2222 958 pro-
2352 914 2355 918 .

386 972 534 1087 ‘banda
554 980 639 1064 cst?
693 979 818 1080 Atque
840 975 915 1051 hoc
937 980 1102 1092 primum
1122 976 1252 1050 critice
1281 970 1450 1050 adhibita
1477 977 1577 1050 ratio
1601 976 1784 1075 praestat.
1837 979 1898 1053 lta
1913 983 2013 1054 enim
2030 977 2081 1056 ad
2104 980 2221 1082 phae-

406 1132 672 1202 nomenornm,
697 1128 793 1206 quae
812 1101 1016 1177 dissentire
1041 1096 1156 1176 nohis
1184 1096 1401 1195 videantur,
1433 1125 1561 1174 reram
1588 1101 1776 1176 rationem
1804 1104 1843 1178 ot
1864 1129 2007 1181 nexum
2036 1102 2220 1184 ducimur.

403 1249 504 1329 Nam
524 1261 591 1314 res
613 1212 684 1333 per
712 1253 849 1302 sensus
879 1229 1057 1325 acceptas
1085 1224 1321 1323 cogitatione
1351 1227 1461 1325 qnasi
1484 1221 1768 1300 conformamus
1797 1228 1836 1302 et
1859 1231 1916 1303 sic
1934 1196 2096 1331 deniqne
2120 1229 2224 1310 lacta

406 1401 428 1451 c
451 1357 638 1447 iaciendis
660 1350 918 1456 producimus.
974 1352 1107 1450 ltaque
1131 1348 1297 1451 llarveyi
1320 1350 1540 1446 opinionem
1563 1345 1609 1423 de
1633 1351 1816 1426 continno
1839 1378 1885 1427 ae
1902 1349 2048 1429 directo
2066 1361 2223 1458 sangni-

407 1500 468 1576 nis
491 1513 561 1592 per
584 1481 744 1557 arterias
768 1477 806 1549 in
830 1493 950 1548 venas
972 1475 1126 1566 itinere,
1149 1469 1256 1546 nullo
1274 1473 1504 1571 interposito
1517 1469 1626 1545 ‘illius
1645 1473 1808 1549 actionis
1826 1478 1865 1549 et
1882 1480 2104 1555 mutationis
2119 1479 2221 1579 loco,

402 1616 541 1700 'falsam
570 1630 656 1682 esse
685 1601 953 1700 cognorimus,
988 1600 1077 1699 quia
1105 1595 1289 1672 directum
1330 1593 1424 1671 illud
1459 1597 1534 1670 iter
1568 1595 1768 1672 nutritioni
1803 1601 1842 1675 et
1869 1603 2104 1678 incremento
2139 1631 2223 1684 cor·

407 1746 515 1850 poris
536 1752 698 1836 prorsus
722 1749 799 1797 non
824 1724 1013 1796 convenit.
1069 1719 1181 1811 Quae
1201 1723 1447 1811 ‚ratiocinatio
1471 1718 1519 1794 ad
1543 1718 1762 1797 ulteriorem
1780 1727 1837 1799 rei
1853 1711 2137 1826 indagationem
2150 1756 2223 1807 nos
2362 1805 2365 1809 .

401 1867 536 1959 duxit,
560 1882 634 1961 qua
657 1848 854 1927 didicimus
879 1849 1033 1920 omnino
1062 1847 1329 1945 interpositum
1358 1871 1446 1921 esso
1483 1846 1585 1919 inter
1607 1847 1830 1921 arteriarum
1853 1845 1952 1925 fines
1975 1854 2014 1925 et
2043 1861 2222 1934 venarum

408 1994 582 2094 origines
604 1981 685 2058 rete
716 1969 957 2048 vasculosum
985 1971 1167 2072 utrasque
1192 1966 1452 2075 conjungens,
1482 1972 1521 2044 in
1546 1995 1622 2072 quo
1647 1974 1806 2071 sanguis
1823 1975 1961 2072 partim
1977 1979 2137 2077 propri,
2151 2005 2221 2056 ,m

591 2131 650 2181 ur.

408 2125 446 2199 Vi
466 2110 723 2312 movle’toxime
746 2221 877 2302 abhis
900 2224 1003 2314 aliud
1032 2225 1139 2327 patet
1164 2223 1365 2303 rationalis
1392 2221 1560 2301 methodi
1587 2222 1844 2322 commodum,
1874 2179 2144 2329 perspicientia
2162 2230 2218 2305 in·

399 2358 510 2450 'terni
532 2382 658 2436 nexus
683 2353 722 2428 et
744 2353 894 2426 mutuae
918 2353 1082 2426 actionis
1106 2376 1306 2428 causarum
1331 2352 1371 2425 ct
1394 2348 1610 2425 effectuum.
1663 2343 1725 2423 dh
1749 2349 1921 2425 externis
1944 2350 2018 2428 hoc
2041 2338 2158 2428 modo
2173 2351 2222 2429 ad
2350 2388 2361 2395 ·

409 2501 578 2580 interna,
602 2509 626 2557 a
646 2479 805 2553 materia
827 2473 875 2549 ad
899 2473 984 2577 ejus
1007 2478 1097 2572 rim,
1127 2481 1168 2552 in
1180 2476 1257 2553 alia
1273 2473 1378 2550 nulla
1394 2500 1436 2550 re
1455 2477 1530 2551 nisi
1546 2478 1587 2549 in
1604 2475 1735 2548 mutua
1750 2475 1930 2549 materiae
1948 2479 2099 2559 actione
2120 2482 2225 2583 posi·
2326 2467 2331 2481 ’

305 2648 312 2664 .
407 2627 506 2714 qam,
529 2609 786 2714 penetramus.
840 2596 966 2703 liujus
989 2626 1080 2674 vero
1103 2598 1271 2678 methodi
1295 2602 1501 2701 praecepta
1523 2624 1608 2674 cum
1626 2596 1713 2674 aliis
1731 2624 1929 2673 commune
1947 2595 2102 2696 hahent,
2120 2599 2225 2704 qnod
2357 2634 2360 2639 ·

409 2766 541 2825 eornm
564 2754 709 2811 summa
729 2749 856 2800 veram
877 2750 1005 2815 rerum
1027 2727 1195 2824 ipsarum
1217 2722 1523 2800 informationem
1540 2717 1723 2799 exhihere
1745 2717 1895 2818 debeat,
1914 2725 1970 2798 sic
1984 2725 2030 2799 ut
2051 2722 2227 2805 doctriua
2289 2736 2294 2743 “

407 2861 601 2967 mngmat
628 2879 712 2931 cum
735 2876 790 2927 re.
845 2850 978 2951 Neque
1008 2874 1100 2923 vero
1130 2853 1214 2925 sinc
1243 2875 1370 2924 rerum
1399 2853 1438 2925 et
1466 2847 1661 2924 doctrinae
1689 2849 1953 2923 convenientia
1981 2846 2227 2953 physiologia

300 3049 309 3064 .
408 2998 534 3074 minus
555 2978 762 3061 medicinae
784 2971 932 3049 inutilis
948 2973 1025 3068 est,
1051 2999 1162 3075 quam
1186 2977 1344 3076 empiria
1367 2977 1449 3048 sine
1470 2975 1632 3049 ratione.
1689 2970 1758 3046 Sic
1775 2975 1875 3048 onim
1894 2970 2086 3071 Statilius,
2111 3000 2225 3078 quem

411 3119 458 3196 de
479 3107 636 3191 medicis
658 3093 938 3177 recentioribus
961 3100 1115 3198 praeter
1139 3100 1291 3173 ceteros
1319 3097 1544 3174 rationalem
1575 3097 1802 3191 dixerimus,
1838 3123 1909 3171 suo
1939 3094 2076 3198 docuit,
2098 3126 2226 3179 axem·

380 3310 384 3316 ,
409 3242 496 3347 plo,
518 3225 800 3341 physiologiam
816 3249 840 3295 a
856 3220 958 3296 solo
980 3225 1130 3297 ratione
1156 3220 1360 3298 derivatam
1382 3219 1590 3297 medicinae
1613 3217 1755 3296 tinibus
1774 3217 1889 3320 plano
1906 3247 1984 3296 non
1997 3249 2226 3326 congruere,

411 3370 497 3445 nam
521 3359 648 3434 omnia
669 3349 931 3452 phaenomena
953 3349 1111 3446 propria
1128 3345 1176 3421 ad
1199 3349 1412 3422 communia
1441 3342 1623 3446 quaedam
1663 3344 1898 3447 cogitatione
1921 3350 2121 3450 percepta,
2144 3375 2226 3424 non

410 3486 624 3569 'eommunia
642 3499 777 3552 rursus
800 3468 849 3546 ad
871 3474 1027 3569 propria
1050 3468 1176 3565 duxit,
1200 3498 1284 3545 cum
1307 3460 1544 3571 praeclarum
1565 3466 1661 3544 illud
1683 3470 1931 3569 Hippocratis
1956 3497 2036 3547 non
2058 3475 2110 3549 sit
2130 3470 2227 3550 ohli-

410 3606 628 3695 riscendum
662 3598 803 3677 mederi
826 3597 1006 3694 oportere
1030 3597 1069 3670 et
1093 3598 1305 3670 communia
1329 3597 1368 3671 ct
1389 3597 1549 3695 propria
1569 3596 1791 3669 intuentem.
2246 3687 2250 3695 ,

544 3731 634 3808 dam
657 3751 748 3801 vero
773 3746 857 3796 cum
880 3744 1003 3821 neque
1028 3717 1113 3830 sola
1137 3721 1377 3833 experientia
1398 3745 1522 3821 neque
1546 3721 1730 3819 cogitatio
1763 3716 1854 3794 sola
1871 3718 1918 3794 ad
1944 3718 2227 3825 physiologiam

404 3853 680 3966 aperficiendam
703 3845 911 3937 sufficiant,
935 3841 1003 3918 sed
1021 3846 1182 3945 utraque
1203 3848 1279 3944 ipsi
1302 3847 1519 3920 necessaria
1536 3839 1726 3939 rideatur,
1757 3840 1935 3920 etaltera
1955 3848 2151 3921 materiam
2172 3845 2227 3923 al·

412 3992 496 4063 tera
522 3981 697 4055 virtutem
721 3972 760 4046 et
782 3964 948 4041 indolem
971 3963 1156 4067 praeheat
1186 3969 1347 4068 apparet
1369 3969 1567 4066 praestare
1592 3991 1673 4041 eam
1695 3964 1931 4063 methodum,
1966 3994 2063 4070 quae
2084 3970 2227 4047 utram·

261 4176 264 4180 ,
413 4136 486 4214 que
509 4110 549 4181 in
571 4128 613 4178 sc
635 4097 796 4198 recipiat
819 4094 858 4167 et
882 4087 1110 4192 conjungat,
1137 4091 1335 4194 utriusque
1352 4092 1443 4165 vitia
1461 4093 1499 4168 et
1517 4090 1757 4166 incommoda
1774 4092 1901 4167 evitat.
1955 4092 2064 4166 Hanc
2082 4093 2228 4176 metho-

389 4234 502 4325 dum
529 4228 741 4329 geneticam
770 4210 1061 4318 appellabimus.
1114 4217 1160 4288 ln
1189 4237 1236 4287 oo
1265 4216 1391 4289 antem
1420 4215 1660 4314 potissimum
1697 4215 1889 4309 versatur,
1920 4217 1963 4290 ut
1991 4242 2227 4319 organorum

167 4412 172 4423 .
315 4377 318 4380 ·
410 4352 771 4442 conformationem,
802 4342 1069 4441 actionumque
1091 4363 1244 4414 cursum
1267 4334 1315 4413 ah
1338 4341 1489 4439 origine
1512 4331 1706 4433 observet,
1730 4342 1811 4415 tum
1833 4364 1924 4414 vcro
1947 4340 2228 4443 phaenomena·

411 4508 496 4560 mm
519 4472 692 4553 ordinem
717 4496 762 4543 ac
784 4462 1102 4543 necessitudinem
1133 4488 1204 4564 per
1234 4464 1364 4563 partes
1395 4459 1658 4563 explicandam
1685 4462 1901 4565 intelligere
1932 4471 2095 4543 conetur
2117 4472 2156 4546 et
2176 4457 2227 4546 ad

413 4606 609 4684 notionem
633 4599 672 4672 et
693 4591 815 4668 ideam
838 4594 937 4666 vitae
972 4588 1177 4691 legumque
1201 4590 1459 4687 cognitionem
1490 4586 1620 4682 ducat,
1653 4585 1715 4661 sic'
1739 4591 1783 4664 ut
1811 4587 1882 4666 hae
1902 4588 1995 4665 nihil
2014 4597 2088 4668 nisi
2103 4597 2227 4695 ipsius

414 4726 625 4832 organismi
648 4715 900 4795 substantiam
924 4711 1226 4815 repraesentent.
1281 4713 1366 4787 Hoc
1391 4710 1505 4787 modo
1529 4709 1578 4786 ad
1606 4709 1872 4814 physiologiae
1907 4712 2118 4793 doctrinam
2152 4746 2227 4795 usu

411 4854 453 4933 ‘at
464 4847 701 4953 experientia
709 4840 1010 4916 consentientem
1027 4835 1216 4931 ducimur,
1239 4863 1312 4912 nec
1321 4834 1558 4938 impedimur,
1576 4840 1778 4937 quominus
1796 4860 1879 4912 eam
1890 4834 2002 4916 lacila
2017 4845 2058 4917 in
2075 4841 2227 4919 medici·

414 5003 502 5056 nam
517 4964 858 5053 accommodemus
911 4962 1001 5038 Non
1023 4958 1287 5037 ratiocinando
1309 4959 1434 5038 solum
1452 4962 1689 5039 internarum
1700 4964 1893 5039 actionum
1910 4960 2082 5045 ordinem
2097 4992 2143 5044 a„
2161 4972 2227 5045 ης
