4830 6188
393 636 536 746 egebit.
595 640 678 716 Bos
714 640 846 715 taurus
879 630 941 711 bis
970 633 1139 739 quotidie
1161 637 1300 711 ‘rumen
1328 631 1481 741 hunnido
1508 639 1626 741 pastu
1647 629 1828 739 implens.
1843 659 1913 737 per
1929 637 2211 746 ,pmniapnpti

317 828 320 832 .
392 764 455 843 dia
482 768 634 843 circitor
663 733 716 840 '15-
739 759 862 839 libras
895 759 1020 864 chymi
1052 756 1243 862 perficiet,
1286 783 1384 863 quae
1418 730 1734 867 exposcuntur]
1750 763 2061 863 saturationom'
2048 787 2092 841 ιιι
2117 761 2211 853 dno·

393 889 494 969 dano
522 882 721 969 selibras
749 888 1092 990 atqnaposteam
1127 882 1318 985 eoacot'}
1343 881 1462 989 libras
1488 881 1596 990 bilis,
1619 888 1697 991 sic
1726 891 1789 963 ut·
1782 911 1865 990 per
1897 888 2026 991 omnia
2057 889 2210 996 circiter
2298 910 2301 915 ·

395 1013 466 1115 37}
490 1011 610 1113 libras
643 1008 733 1089 bilis
765 1016 866 1089 intra
893 1015 944 1090 24
972 1010 1090 1088 boras
1118 1036 1148 1085 a
1168 1006 1268 1086 bove
1297 1012 1445 1112 gigni
1443 1035 1624 1113 necesse·
1618 1011 1701 1091 sit.
1735 1011 1862 1097 llaec
1883 1004 2013 1103 bilis
2010 984 2211 1120 quantitas

393 1136 534 1217 salivae
561 1142 825 1244 quantitatem,
852 1140 954 1213 intra
981 1139 1032 1214 at
1060 1133 1176 1211 horas
1202 1129 1252 1210 ab
1281 1161 1381 1238 aquo
1409 1104 1635 1231 exhibitam,
1663 1132 1783 1239 longe
1795 1106 2027 1300 multnmpue
2041 1144 2211 1249 sppppnt,

393 1261 652 1371 majoremque
678 1258 769 1340 bilis
798 1260 1023 1365 hepatisqne
1049 1263 1272 1362 gravitatem
1300 1285 1390 1337 esse
1416 1256 1725 1339 demonstrat·
1782 1326 1812 1341 ,

430 1458 434 1463 .
530 1388 672 1482 Qualis
699 1412 791 1462 vero
819 1388 871 1471 sit
897 1381 988 1462 bilis
1016 1388 1158 1461 aetio
1140 1411 1186 1460 ιιι
1214 1376 1459 1490 digestione,
1475 1388 1589 1463 seire
1587 1354 1728 1475 lieet
1736 1358 1959 1493 wernerus
1989 1327 2107 1492 atque
2128 1332 2212 1487 ιιι

289 1500 293 1507 ’
394 1512 637 1609 tenriethins,
664 1510 898 1589 illustres
862 1514 946 1606 vrri,
975 1507 1227 1606 crediderant,
1255 1508 1405 1613 chylnm
1432 1536 1504 1611 per
1528 1505 1654 1615 bilem
1672 1535 1694 1587 e
1720 1488 1857 1614 cbymo
1887 1508 2013 1616 qnasi
2022 1515 2211 1616 praecipi·

394 1641 480 1717 tari.
537 1635 656 1731 Quod
691 1639 847 1712 omuino
880 1634 963 1711 lieri
996 1661 1074 1710 uon
1108 1637 1254 1736 potest,
1299 1642 1433 1736 utpote
1465 1660 1551 1710 cum
1582 1598 1675 1713 bilis
1706 1633 1927 1739 coagulatio
1959 1662 2030 1738 per
2062 1635 2212 1744 aeidum

395 1762 569 1873 elymum
597 1764 651 1838 ita
678 1760 764 1858 liat,
791 1766 833 1837 ut
859 1754 966 1835 basis
993 1757 1094 1836 sellis
1122 1787 1208 1836 enm
1234 1758 1345 1836 acido
1373 1757 1645 1866 conjungatur,
1671 1758 1772 1857 unde
1787 1757 2037 1867 sedimentprn
2050 1763 2213 1867 ιιὶηιμ

393 1892 435 1973 in
461 1888 613 1993 liquore
641 1911 871 2034 suspensum
897 1882 1066 1963 colorem
1092 1888 1216 1989 magis
1242 1888 1413 1962 minusve
1438 1884 1604 1963 lacteum
1630 1883 1692 1987 ιιι
1713 1888 1891 1991 ngseuup
1915 1881 2118 1981 exbibens,
2146 1911 2215 1962 ex·

117 2098 123 2107 ,
256 2086 260 2092 .
392 2015 527 2113 sistat,
574 2013 759 2119 imprimis
793 2006 920 2091 ebile
952 2011 1168 2099 constans.
1203 2008 1465 2090 Sedimeutum
1497 2036 1589 2090 uero
1627 2009 1703 2088 hoe
1734 2034 1822 2091 cunr
1843 2007 1928 2118 alui
1961 2014 2214 2145 excrementis

361 2171 364 2175 ’
399 2139 551 2244 ejicitur
577 2164 700 2251 neque
729 2163 813 2213 enm
842 2135 1033 2215 Wernero
1059 2163 1132 2238 pro
1160 2135 1272 2241 ehylo
1299 2133 1513 2216 babendum
1542 2143 1613 2216 est.

532 2267 708 2340 Attamen
735 2289 827 2342 vero
854 2288 933 2338 non
960 2267 1096 2366 negari
1122 2265 1253 2366 potest
1279 2267 1437 2365 primam
1463 2259 1556 2339 bilis
1581 2266 1656 2340 rim
1684 2288 1772 2342 esse
1799 2290 1894 2360 eam,
1926 2264 1972 2338 ut
1997 2212 2187 2339 aeidum
2175 2289 2214 2338 ιιι

234 2459 237 2462 ,
395 2387 534 2495 cbymo
563 2384 761 2465 obtundat.
816 2386 1082 2465 Defenderunt
1108 2386 1259 2491 quidem
1273 2387 1556 2465 Tiedemannus
1575 2396 1689 2492 atque
1708 2386 1905 2466 Gmelinns
1923 2384 2072 2466 aeidum
2091 2385 2217 2492 thymi

258 2546 262 2554 ¹
396 2539 540 2619 magna
567 2539 618 2591 ex
645 2518 755 2613 parte
782 2538 855 2612 per
880 2519 1011 2615 partes
1039 2509 1230 2614 quasdam·
1250 2510 1447 2608 alealieas,
1474 2539 1546 2613 per
1577 2516 1845 2591 intestinorum
1875 2538 2099 2615 compagem
2124 2537 2216 2614 pro-

399 2637 547 2736 ductas,
574 2633 759 2734 hebetari,
786 2639 924 2738 partim
951 2662 1043 2715 vero
1069 2662 1142 2738 per
1168 2634 1455 2739 absorptionem
1479 2637 1594 2739 simul
1608 2664 1693 2714 cum
1712 2635 1824 2741 chylo
1844 2662 2085 2727 euanescere.
2111 2641 2216 2712 Atta·

399 2791 486 2845 men
514 2765 776 2868 experimenta
802 2787 924 2863 supra·
953 2763 1152 2866 exposita
1159 2764 1198 2837 in
1224 2742 1406 2857 canibus,
1447 2759 1604 2863 felibus,
1621 2761 1850 2863 cuniculis,
1876 2757 2064 2861 bovibus,
2079 2754 2215 2837 ovibus

308 2868 312 2876 ¹
401 2886 596 2967 evidenter
624 2887 901 2981 demonstrant,
922 2912 1000 2986 per
1027 2884 1149 2962 solam
1176 2884 1292 2964 bilem
1319 2884 1379 2962 rel
1406 2911 1528 2988 parce
1548 2884 1608 2962 ιιι
1635 2881 1792 2965 uberius
1820 2889 2010 2963 intestinis
2037 2881 2217 2989 suppedi-

399 3013 520 3089 tatam
554 3010 604 3088 ad
636 3008 785 3089 libitum
812 3013 983 3111 ingesta
994 3007 1055 3088 rel
1088 3010 1199 3088 acida
1223 3009 1284 3087 rel
1312 3008 1473 3094 alealica
1488 3008 1744 3114 reddiposse,
1771 3010 1957 3115 nequead
1967 3008 2065 3087 hanc
2076 3019 2217 3086 utram

258 3164 280 3171 ·
401 3163 477 3243 qna
507 3140 754 3213 mutationem
787 3137 1015 3212 intestina
1001 3160 1089 3235 ipsa
1120 3133 1264 3239 aliquid
1296 3134 1437 3214 facere.
1496 3132 1671 3232 Accedit,
1706 3134 1851 3239 qnod
1840 3161 1880 3210 ιιι
1912 3162 1972 3211 me
2003 3139 2091 3237 ipso
2117 3106 2217 3212 labri

241 3342 245 3349 ,
310 3355 314 3361 ι
401 3263 663 3339 intermittenti
688 3257 889 3337 laborante
917 3255 1123 3337 observare
1150 3268 1340 3362 poteram,
1369 3259 1495 3334 chinio
1523 3266 1674 3360 sumpto
1689 3258 1790 3336 sellis
1805 3263 2055 3336 secretionem
2068 3262 2216 3360 angeri,

399 3389 520 3496 atque
547 3384 686 3465 exinde
714 3381 861 3462 cibos'
848 3409 889 3461 ιιι
920 3386 1112 3461 intestinis
1138 3388 1195 3461 ita
1221 3382 1471 3478 alcalescere‚
1503 3387 1589 3459 ut
1576 3411 1663 3487 ipsa
1695 3384 1768 3460 als
1756 3411 1821 3462 ma
1847 3386 2091 3461 excrementa
2115 3381 2217 3462 alea·

403 3507 612 3608 leseerent,
632 3535 727 3587 enm
753 3511 920 3587 ιιιιιιι
907 3535 947 3613 ιιι
973 3507 1156 3610 impedita
1181 3506 1241 3609 vel
1269 3511 1464 3586 imminuta
1489 3504 1580 3586 bilis
1608 3514 1820 3588 secretione
1848 3506 1958 3611 aeide
1972 3510 2215 3587 exsisterent.

405 3637 519 3728 Quae
546 3638 673 3712 omnia
699 3639 851 3712 minime
879 3637 1030 3712 evenire
1057 3636 1292 3738 potuissent,
1325 3636 1401 3710 nisi
1441 3633 1526 3712 sola
1564 3629 1655 3710 bilis
1695 3637 1810 3710 unica
1837 3635 1942 3715 esset
1972 3660 2091 3735 cansa
2125 3661 2217 3711 nen·

250 3829 254 3835 .
404 3760 654 3861 tralisationis
683 3759 807 3865 ebymi
826 3762 931 3836 tam
918 3787 958 3836 m
987 3758 1177 3857 duodeno,
1205 3784 1318 3864 ιιιιιι
1345 3760 1387 3837 in
1401 3785 1531 3857 coeco,
1559 3784 1682 3864 neque
1696 3726 2218 3852 miuusdominantisalcala-

405 3887 573 3964 scantiae
599 3888 639 3960 in
666 3891 749 3962 toto
778 3884 903 3963 canali
930 3883 1088 3964 cibario.
2226 3992 2229 3995 Δ

536 4010 783 4088 Manifestum
810 4013 930 4114 igitur
956 4021 1032 4111 est,
1058 4009 1173 4091 bilem
1198 4038 1271 4115 per
1296 4011 1576 4093 hebetationem
1603 4010 1702 4092 acidi
1728 4016 1768 4089 in
1802 4008 1936 4117 chymo
1970 4009 2219 4116 oxydationis

405 4159 629 4244 processum
656 4132 846 4234 inhibere,
888 4144 1002 4241 atque
1030 4136 1202 4242 elymum
1229 4143 1269 4216 in
1295 4137 1574 4216 indifferentem
1605 4140 1800 4218 materiam
1831 4140 1996 4232 mutare,
2037 4162 2135 4239 qnae
2168 4137 2220 4214 ad

339 4321 342 4327 .
407 4262 634 4365 sangninem
665 4258 880 4338 faciendum
913 4263 1006 4364 apta
1031 4266 1094 4339 sit.
1151 4260 1409 4366 Oxydationis
1440 4267 1559 4366 igitur
1590 4265 1631 4343 in
1662 4258 1873 4339 ventricr'do
1915 4263 1955 4337 et
1990 4259 2220 4338 neutralisa-

375 4428 378 4433 >
406 4384 523 4473 tionis
548 4387 589 4467 in
615 4382 793 4462 duodeno
819 4413 1027 4489 processus
1054 4384 1147 4462 nihil
1175 4386 1266 4462 sunt
1297 4389 1374 4462 nisi
1403 4391 1466 4463 ria
1497 4394 1610 4492 atqua
1643 4384 1782 4463 modus
1813 4381 2085 4463 elaborationis
2113 4384 2221 4464 eibo-

360 4580 373 4598 ,
406 4534 510 4604 rum,
536 4505 675 4614 quibus
702 4513 960 4612 proprietates
988 4509 1178 4588 chemicae
1205 4505 1376 4586 ciborum
1404 4513 1719 4612 exstingnuntur,
1752 4513 1809 4587 sic
1835 4520 1878 4588 ut
1905 4511 2043 4589 exinde
2070 4510 2221 4589 indiffe-

391 4619 498 4709 'rens
528 4630 745 4712 substantia
781 4638 945 4734 oriatur,
987 4661 1085 4740 qnae
1117 4637 1157 4710 in
1190 4659 1234 4710 se
1265 4637 1353 4736 ipsa
1383 4640 1645 4737 generationis
1677 4661 1916 4737 procesamn,
1954 4662 2029 4740 quo
2056 4641 2219 4738 sanguis

405 4753 462 4848 tt,
487 4760 684 4857 incendat,
712 4763 853 4838 excitet
878 4761 918 4837 et
942 4759 1252 4864 progredientem
1279 4756 1467 4840 absolvat.

539 4882 746 4990 Reliquum
772 4891 833 4961 est
858 4889 901 4959 ut
927 4884 1187 4986 exploremus,
1212 4909 1302 4961 uum
1330 4884 1469 4963 acidi
1456 4912 1497 4960 ιι
1524 4884 1659 4989 ahymo
1686 4882 1880 4963 hebetatio
1906 4884 2035 4968 solum
2062 4889 2113 4962 sit
2127 4881 2219 4964 bilis

407 5005 589 5087 officinm.
641 5012 785 5087 Verum
811 5033 863 5090 ex
889 5004 1223 5087 observationibus
1261 5012 1358 5087 meis
1397 5009 1706 5090 verisimillimum
1746 5010 1937 5111 redditur,
1962 5008 2088 5111 bilem
2105 5010 2219 5093 simul
