4830 6188
1159 431 1221 525 76

282 638 348 709 est
372 626 611 710 solummodo
637 629 678 702 in
703 622 776 703 bac
802 621 999 722 metbodo,
1024 621 1280 703 ¹sedimentnm
1307 649 1382 726 ope
1408 622 1508 703 scidi
1539 622 1680 701 oxalici
1710 627 1750 701 in
1782 618 1859 700 bile
1890 628 2099 718 evocatum,
2248 696 2251 701 .

282 753 474 859 basioque
497 751 600 830 fellis
626 749 813 828 oxalicam
839 747 1031 846 reserens,
1059 775 1144 830 cnm
1157 746 1279 853 aquae
1292 749 1478 826 calcariae
1492 747 1705 826 sufficiente
1718 749 1929 853 quantitate
1947 750 2102 825 commi·
2194 824 2202 835 ,

286 885 404 976 sceri,
432 883 489 955 sic
515 883 557 952 ut
583 874 747 951 calcaria
772 872 924 951 oxalica
936 870 1155 971 insolubilis
1172 875 1337 964 oriatur,
1365 901 1389 950 a
1402 870 1600 977 qnabasis
1626 871 1729 951 sellis
1742 872 1987 951 solutionein
2000 898 2102 978 aqna

184 985 188 991 ¹
285 1003 345 1084 vel
372 1004 511 1106 spiritu
537 1002 613 1077 vini
641 1001 767 1100 possit
793 1000 977 1101 separari.

419 1129 590 1229 Utraque
616 1149 708 1199 vero
736 1119 913 1199 methodo
941 1147 1020 1197 non
1047 1125 1171 1198 omnis
1196 1123 1356 1200 materia
1382 1116 1680 1201 substantialiso
1696 1119 1776 1201 bile
1794 1129 2011 1224 soporatur,
2030 1121 2100 1199 sed

285 1256 487 1333 temnens
513 1251 605 1352 post
632 1244 937 1348 coagulationem
963 1242 1148 1347 liquidnm
1175 1273 1352 1349 saporem
1378 1251 1519 1325 retinet
1544 1273 1732 1342 amaram,
1764 1245 1946 1324 leviorem
1971 1251 2101 1325 marca

132 1364 146 1379 ‘
285 1375 345 1455 rel
377 1375 652 1467 dulcamarnm,
692 1395 781 1447 nam
814 1372 1052 1447 amarissima
1081 1365 1172 1447 bibe
1204 1395 1302 1472 pars·
1328 1374 1368 1447 in
1400 1366 1487 1447 basi
1518 1369 1620 1449 iellis
1659 1376 1840 1474 separata
1869 1376 2100 1451 continetur.
2216 1460 2225 1471 ,

284 1499 447 1609 Videtur
477 1501 598 1602 igitur
628 1491 737 1589 bilis,
779 1491 892 1570 simili
924 1489 1038 1570 modo
1071 1520 1117 1571 ac
1149 1497 1329 1598 sanguis,
1370 1484 1507 1594 salira,
1547 1499 1794 1603 ipsorumque
1831 1494 2100 1601 vegetabilium

285 1627 490 1728 principia,
514 1617 808 1699 'substantialem
835 1621 1029 1694 materiam
1057 1620 1112 1694 ita
1136 1622 1352 1718 continere,
1377 1626 1421 1696 nt
1447 1618 1532 1725 ejus
1559 1620 1732 1701 divems
1759 1623 2021 1743 genmmionis
2039 1619 2101 1702 vei
2163 1684 2169 1691 .

286 1747 514 1829 evolationis
539 1741 685 1849 gradus
710 1747 752 1845 in
779 1768 822 1820 se
849 1743 1045 1818 contineat
1068 1770 1192 1848 neque
1217 1769 1298 1821 una
1323 1743 1408 1822 sola
1433 1747 1609 1843 materia,
1643 1741 1694 1823 ab
1722 1743 1900 1824 omnibns
1926 1743 2101 1851 partibas

60 1812 66 1825 Ι
155 1918 164 1943 .-
286 1869 483 1968 absoluta,
511 1850 688 1948 exsistat.
744 1868 857 1959 Quae
883 1867 1003 1967 igitur
1028 1871 1122 1969 post
1147 1867 1455 1971 coagulationem
1481 1867 1572 1947 bilis
1598 1868 1721 1949 adbuc
1748 1874 1919 1949 remanet
1944 1874 2101 1951 materis

147 2048 152 2057 ·
286 2022 434 2092 amara,
459 1994 608 2071 videtur
633 1988 852 2069 substantia
877 2015 964 2068 csse
991 1988 1042 2065 ad
1067 1988 1287 2069 ulteriorem
1312 1992 1586 2096 perfectionem
1613 1995 1765 2101 quidem
1796 1995 1977 2093 tendam,
2003 2024 2100 2076 non·

183 2120 187 2138 '
287 2121 374 2199 dam
400 2146 492 2198 vcro
517 2122 559 2196 in
586 2117 794 2224 perlectam
819 2110 932 2194 basin
958 2113 1059 2195 sellis
1085 2112 1278 2194 absoluta.

925 2357 1161 2423 Considcrrtio
1187 2360 1303 2425 iiarllr
1329 2361 1368 2424 de
1393 2362 1471 2426 bile.

419 2494 624 2600 Reliquam
651 2500 711 2572 cst
737 2489 954 2589 admoan
980 2519 1041 2571 me
1068 2495 1197 2569 omnia
1222 2491 1317 2571 baec
1342 2498 1397 2572 ita
1411 2520 1649 2599 proponere,
1675 2500 1720 2576 ut
1735 2505 1862 2578 umen
1875 2499 2017 2600 fatear,
2043 2504 2100 2583 lr-

228 2727 230 2731 .
284 2619 420 2702 borem
446 2620 548 2698 bunc
575 2618 622 2698 dc
648 2615 726 2698 bile
751 2618 1016 2696 aucosaan
1043 2615 1248 2721 analyseos
1273 2619 1467 2721 perlectae
1494 2620 1596 2699 sellis
1608 2618 1685 2700 sibi
1702 2650 1781 2702 non
1798 2624 2003 2725 vindicare,
2029 2630 2100 2709 sed

285 2750 326 2824 in
353 2728 439 2824 enm
465 2744 578 2822 tinem
604 2740 867 2820 tantummodo
893 2741 1036 2829 iactum
1067 2765 1173 2840 esse,
1211 2745 1257 2821 at
1287 2742 1377 2822 inde
1408 2741 1500 2823 bilis
1532 2749 1632 2825 vires
1663 2751 1704 2825 in
1736 2776 1902 2852 corpore
1933 2750 2098 2832 bumana

287 2862 566 2975 quodammodo
593 2866 870 2964 elucescerent,
909 2891 983 2944 nec
1007 2868 1133 2943 minus
1164 2871 1367 2968 opiniones
1399 2868 1732 2974 frequentissimae
1764 2873 1813 2953 de
1843 2871 1933 2952 bilis
1960 2883 2100 2958 natura

277 2992 453 3073 ‘cbcmica
478 3019 568 3071 rore
595 2995 910 3095 compararentur
940 3015 1027 3067 cum
1051 3016 1126 3066 usu
1139 3049 1142 3056 .
1156 2985 1248 3069 bilis
1279 2997 1319 3070 in
1351 2991 1582 3096 digestione.
1634 2997 1733 3075 Nam
1766 3025 1967 3104 quemque,
1982 2999 2099 3083 altius'

284 3119 384 3197 banc
410 3146 490 3198 rem
518 3115 822 3195 considerantem
848 3115 985 3219 ingere
997 3139 1076 3191 non
1101 3119 1249 3218 potest,
1274 3144 1355 3195 rem
1382 3145 1469 3198 esse
1496 3123 1651 3197 omnino
1671 3121 1875 3221 diversam,
1902 3152 1992 3204 nam
2010 3125 2099 3208 bilis
2168 3106 2175 3119 ’

285 3247 425 3321 natura
449 3267 553 3319 mere
579 3239 766 3336 chemise,
793 3240 900 3319 nulla
925 3236 1055 3317 babita
1080 3237 1165 3345 ejas
1191 3239 1351 3321 effectas
1368 3247 1410 3321 in
1428 3271 1593 3349 corpore
1610 3250 1778 3344 ratione,
1805 3254 2098 3356 pervestigator,

287 3395 337 3445 an
361 3371 492 3472 potius
519 3364 603 3471 ejus
630 3362 896 3443 substantialis
922 3352 1081 3449 materia
1107 3363 1254 3443 direch
1279 3371 1515 3472 viapetatnr.
1559 3372 1605 3448 ln
1618 3375 1744 3473 primo
1755 3371 1831 3452 fine
1844 3376 2099 3459 reroevidcn·

284 3501 344 3571 ter
375 3494 501 3594 patet,
534 3492 717 3570 reiterata
746 3488 1035 3592 coagulatione,
1073 3493 1348 3589 exsiccatione,
1388 3493 1582 3572 solutione
1619 3493 1727 3592 bilis,
1768 3497 1949 3580 adhibitis
1980 3510 2097 3584 variis

214 3693 218 3701 ,
283 3614 498 3723 liquoribus
524 3611 763 3693 solventibus
788 3613 850 3691 vel
876 3610 1189 3717 coagulantibas,
1228 3612 1318 3713 bilis
1344 3614 1540 3721 'principia
1554 3616 1736 3699 chemica
1764 3628 1919 3726 penitus
1945 3634 2097 3730 mum

285 3746 341 3820 sic
372 3749 416 3818 nt
447 3769 495 3822 eo
514 3746 652 3849 ,mgis
683 3743 812 3817 variae
843 3741 1025 3819 materiae
1055 3766 1178 3818 novae
1203 3741 1292 3820 inde
1324 3745 1419 3818 oriri
1446 3740 1628 3840 debeant,
1670 3772 1747 3850 qao
1780 3757 1905 3854 magis
1943 3781 2098 3860 compe-

283 3869 361 3944 sita
390 3866 507 3946 inerit
538 3863 761 3969 experiendi
785 3863 1001 3963 methodus.
1056 3862 1239 3943 Secundo
1265 3892 1357 3943 vero
1384 3864 1473 3943 loco
1501 3871 1590 3948 ante
1617 3873 1745 3949 omnia
1768 3878 1931 3956 interest
1954 3879 2097 3982 udam,

286 4017 363 4097 qna
392 3991 674 4095 simplicissima
710 3992 772 4066 ria
807 3991 1035 4092 principiam
1065 3983 1155 4067 bilis
1193 3986 1445 4069 substantiale
1482 3996 1610 4095 possit
1639 3996 1831 4099 separari,
1872 4030 1950 4080 non
1983 4009 2096 4105 scire,

286 4115 418 4220 quales
444 4122 570 4196 variae
595 4119 776 4195 materiae
799 4113 992 4193 cbemicae
1018 4117 1173 4191 omnino
1200 4111 1325 4194 ebila
1351 4115 1521 4196 adscitae
1548 4123 1642 4197 oriri
1667 4128 1837 4223 possint,
1863 4128 1933 4206 sed
1959 4133 2099 4213 intelli-

284 4267 397 4344 gere,
438 4241 566 4344 qualia
594 4245 784 4343 principia
814 4237 1019 4316 efficientia
1048 4235 1139 4315 bilis
1166 4240 1294 4316 natira
1320 4243 1360 4318 et
1384 4246 1632 4345 integerrima
1664 4252 1753 4324 sint.
1807 4253 1904 4328 Naar
1936 4256 2097 4337 effectus

283 4363 442 4453 bilisia
469 4393 630 4468 corpore
657 4392 736 4444 non
753 4391 804 4443 ex
814 4366 971 4440 materia
997 4359 1081 4469 ejus
1108 4368 1369 4468 experimento
1396 4365 1561 4466 adscita,
1588 4368 1657 4446 sed
1684 4398 1734 4448 ex
1759 4378 1966 4457 {inmutatis
1993 4390 2097 4485 prin·
2137 4423 2140 4427 ·

287 4493 396 4593 cipiis
422 4493 562 4566 nativis
588 4487 690 4566 fellis
717 4492 858 4590 integri
885 4485 1045 4589 pendet,
1071 4491 1129 4595 sic
1154 4491 1198 4565 nt
1222 4488 1357 4567 bornm
1385 4495 1644 4596 cognitionem
1656 4499 1840 4601 imprimis
1861 4511 2098 4607 experimen-

286 4620 337 4698 tis
362 4619 457 4695 meis
483 4611 667 4690 voluerim
692 4610 898 4697 illustrare.
