4830 6188
1172 351 1234 443 81

185 577 187 581 ’
298 546 467 625 columes
507 546 577 648 per
616 546 798 623 intestina
837 544 1053 640 transeant,
1099 558 1239 649 quu'um
1287 569 1423 622 carnes
1464 545 1667 645 percoctae
1706 546 1859 647 plenitus
1905 542 2114 621 solvantur.

297 656 500 752 Exsistere
539 654 630 747 r'ero
670 667 853 772 quaedam
895 668 1114 745 discrimina
1146 669 1354 749 secundum
1387 667 1560 744 diversos
1592 667 1739 771 gradus
1772 672 1953 745 tostionis
1987 670 2140 747 curuis·

144 850 147 861 =
299 824 428 895 assae,
455 820 579 898 neque
606 797 730 870 minus
758 796 941 870 transitus
968 776 1166 871 assaturae
1193 794 1349 871 levioris
1376 792 1425 870 ad
1453 820 1589 870 carnes
1609 792 1730 869 elixus
1758 794 1998 871 manifestum
2023 795 2096 871 est.

281 926 284 932 ’
433 922 611 1019 Ceterum
644 944 694 993 ex
727 921 998 1018 experimentis
1037 904 1197 1018 apparet
1243 945 1395 995 carnem
1432 918 1655 995 infumatum
1700 916 2025 1021 salsamentaque,
2071 919 2116 993 ut
2149 902 2152 907 ¹

298 1070 456 1148 pernam
484 1043 690 1139 fumosam,
719 1041 911 1119 difficilius
924 1041 1072 1145 quidem
1086 1069 1199 1118 earne
1212 1050 1393 1143 percocta
1411 1039 1552 1142 (ligeri,
1581 1046 1685 1118 carni
1713 1068 1825 1120 assae
1852 1049 1978 1117 tamon
2004 1069 2115 1144 prae·

300 1179 413 1247 stare.
468 1171 619 1246 Etenim
647 1167 770 1265 sumo,
797 1176 839 1242 ut
867 1166 1006 1242 diutius
1033 1171 1158 1266 possit
1184 1169 1392 1262 asservari,
1425 1165 1585 1267 perfusa
1611 1192 1701 1242 caro
1729 1194 1753 1242 a
1780 1169 2025 1268 corruptione
2054 1193 2114 1242 ar-

182 1360 185 1366 .
299 1298 408 1372 cetur
439 1292 747 1395 exsiccandoque
781 1288 975 1387 conditur,
1004 1289 1073 1365 sed
1099 1293 1224 1392 magis
1250 1295 1422 1374 minusve
1448 1289 1665 1392 induratur,
1694 1294 1749 1366 sic
1775 1299 1819 1366 ut
1845 1319 1892 1367 eo
1920 1291 2113 1368 difficilius
2204 1371 2209 1380 ,

226 1458 231 1463 ·
300 1422 577 1523 concoquetur,
606 1444 681 1519 quo
708 1420 832 1518 magis
860 1414 963 1492 fumo
990 1414 1149 1516 perfusa
1175 1418 1214 1491 et
1241 1419 1433 1492 exsiccata
1461 1418 1523 1492 sit.
1579 1413 1763 1492 Saliendo
1792 1442 1882 1492 caro
1897 1441 1976 1492 non
1988 1421 2113 1493 minus

175 1588 178 1593 ·
301 1543 478 1619 conditur
509 1567 633 1644 neque
666 1567 757 1616 rero
795 1542 941 1616 tantum
976 1565 1086 1643 quam
1118 1566 1189 1641 per
1221 1539 1360 1616 sumam
1398 1539 1609 1615 induratur.
1668 1541 1935 1616 Verumtamen
1974 1545 2112 1633 omniu,

296 1694 398 1771 quae
425 1694 502 1741 non
536 1664 648 1742 facile
675 1670 755 1741 tum
787 1666 981 1739 mutantur
1016 1667 1094 1740 turn
1122 1665 1435 1764 corrumpuntur,
1464 1667 1555 1739 sunt
1582 1662 1661 1739 i'ere
1689 1667 1800 1742 etiarn
1828 1672 2014 1740 concoctu
2043 1663 2113 1741 dil·

299 1789 414 1865 ficilia
440 1789 602 1893 indeque
628 1791 867 1890 gravissima.
921 1790 1164 1863 Contrarium
1193 1795 1316 1863 autern
1345 1815 1495 1890 semper
1522 1786 1606 1864 fieri
1631 1815 1710 1863 nou
1737 1787 1913 1886 dixerim,
1942 1792 2112 1894 quamvis

299 1941 569 2020 nonnunquam
598 1912 760 2009 accidat,
788 1911 956 1990 velutin
984 1937 1111 1990 caseo.
1165 1910 1263 2013 (vid.
1291 1914 1394 2015 Exp.
1425 1918 1486 1990 11.
1517 1912 1604 2011 12.)

943 2160 971 2222 2.
1008 2158 1159 2220 Secundum
1185 2179 1279 2239 genera
1305 2157 1463 2221 animalium.

432 2275 530 2350 Nam
559 2271 766 2349 secundum
795 2269 945 2349 diversa
971 2271 1186 2348 animalium
1213 2298 1377 2374 genera,
1405 2266 1580 2377 aquibus
1595 2298 1686 2348 caro
1715 2269 1914 2372 desumpta
1941 2272 2008 2370 sit,
2036 2270 2111 2350 lroc

299 2396 501 2474 discrimen
530 2398 713 2498 expertus
742 2423 843 2473 sumt
870 2395 1091 2474 inferiorum
1119 2394 1333 2472 animalium
1362 2423 1516 2492 carnes,
1544 2401 1713 2500 quamtis
1739 2395 1915 2475 facillime
1944 2424 2112 2474 eorrum-

297 2529 454 2623 pantur,
483 2525 608 2596 tamen
636 2510 883 2622 gravissimas
911 2546 1010 2596 csse.
1064 2519 1230 2597 Facilius
1246 2525 1496 2624 concoquitur
1508 2518 1758 2598 mammalium
1779 2530 1817 2597 et
1835 2526 1957 2598 arium
1984 2519 2112 2599 herbi-

296 2672 473 2721 vorarnm
502 2671 632 2720 caro·
661 2648 957 2720 Carnivororum
985 2652 1108 2719 autern
1140 2643 1307 2720 indolem
1339 2644 1499 2721 alienam
1528 2673 1578 2723 ex
1604 2642 1793 2737 alimentis
1822 2673 1951 2722 earum
1976 2647 2109 2731 induit.

296 2772 465 2847 Piscium
491 2773 617 2845 autern
631 2795 778 2865 carnes,
808 2766 1014 2869 paullulum
1041 2771 1166 2844 minus
1193 2773 1414 2871 percoctae,
1442 2777 1604 2848 maxime
1632 2770 1711 2847 sale
1739 2769 1916 2848 conditae
1942 2770 2009 2872 (ut
2037 2773 2110 2848 sal·

297 2920 449 2969 monum
478 2897 517 2972 et
544 2893 786 2997 clupearum)
813 2891 1033 2970 difficillime
1061 2892 1289 2995 digeruntur
1316 2897 1355 2970 ct
1382 2922 1495 2972 carne
1523 2921 1614 2972 assa
1639 2896 1892 2973 mammalium
1921 2906 1958 2972 et
1985 2902 2108 2974 avium

297 3017 417 3095 multo
444 3023 648 3122 graviores
678 3020 778 3093 sunt.
807 3014 905 3115 (vid.
932 3018 1035 3117 Exp.
1064 3017 1102 3094 5.
1131 3018 1195 3116 6.)
1247 3019 1309 3095 De
1337 3028 1618 3096 crustaceornm
1651 3046 1766 3096 carne
1793 3020 1883 3095 milri
1911 3020 2108 3099 dicendum

298 3146 375 3239 est,
404 3171 486 3219 eam
520 3147 646 3243 pisces
679 3141 739 3218 vel
772 3167 955 3240 superare
982 3144 1118 3216 nociva
1143 3145 1197 3237 vi,
1237 3144 1478 3246 omniumque
1510 3170 1597 3221 esse
1627 3151 1811 3220 concocta
1838 3144 2107 3223 difficillimam.

270 3266 418 3366 ¹Quod
444 3293 496 3343 ex
523 3261 855 3341 observationibus
884 3263 930 3340 de
958 3269 1207 3341 concoctione
1236 3269 1380 3363 carnis,
1408 3294 1429 3342 e
1457 3265 1575 3343 chelis
1604 3277 1715 3372 atquc
1742 3268 1874 3346 caudis
1892 3277 2108 3347 astacorum

298 3400 487 3493 sumtpae,
516 3390 811 3466 luculentissime
839 3397 1015 3489 apparet,
1044 3417 1130 3465 narn
1157 3389 1229 3465 liae
1258 3395 1430 3492 integrae
1457 3383 1579 3467 adlruc
1597 3396 1823 3495 superstites
1838 3397 1876 3469 in
1896 3396 2107 3471 ventriculo

297 3517 472 3613 aderant,
502 3542 614 3620 quum
642 3519 728 3616 ipsa
755 3522 930 3588 assatura
949 3513 1031 3618 jam
1060 3512 1156 3589 solvi
1182 3518 1401 3617 incepisset.
1429 3515 1527 3615 (rid.
1554 3518 1657 3619 Exp.
1690 3519 1775 3617 10.)

430 3644 494 3719 Ex
521 3635 659 3744 quibus
676 3638 788 3715 facilc
816 3637 1042 3740 intelligitur
1068 3637 1248 3715 alimenta
1275 3667 1296 3715 e
1323 3637 1494 3743 piscibus
1508 3642 1704 3717 etcancris
1722 3641 1772 3717 ad
1785 3640 2032 3744 digerendum
2044 3645 2108 3723 fir·

296 3770 503 3845 rarissimum
530 3767 890 3867 integerrimnmque
916 3789 1078 3865 poscere
1105 3762 1371 3862 ventriculum,
1405 3792 1545 3869 eaque,
1578 3768 1612 3840 si
1638 3765 1869 3842 ventriculus
1896 3769 2105 3871 paullulum

298 3890 411 3966 modo
439 3892 680 3991 opportunus
709 3891 759 3962 sit
787 3891 894 3984 vitio,
922 3885 1099 3989 protinus
1125 3883 1316 3984 morbum,
1344 3890 1528 3991 imprimis
1542 3885 1678 3966 febrim
1690 3874 2012 3990 intermittentcm,
2041 3924 2107 3975 ex-

298 4018 425 4091 citare.
454 4090 456 4095 ,
479 4006 727 4090 Memorabile
755 4011 868 4117 hujus
896 4015 952 4088 rei
979 4011 1193 4115 exemplum
1220 4012 1310 4088 mili
1335 4016 1501 4089 innotuit
1527 4016 1565 4087 in
1593 4040 1697 4116 pago
1711 4016 1958 4095 Biuenwalde
1984 4046 2107 4123 prope

296 4135 558 4241 Rheiusberg,
600 4133 684 4232 ubi,
726 4139 952 4240 praesertim
985 4140 1207 4233 auctumno,
1248 4141 1383 4242 quovis
1416 4137 1476 4215 die
1508 4140 1691 4214 Mercurii
1719 4141 1757 4216 et
1785 4139 1943 4217 Saturni
1975 4143 2107 4245 plures

297 4263 409 4341 simul
435 4266 577 4364 pagani
610 4258 709 4337 icbri
742 4264 1006 4339 intermittenti
1038 4258 1328 4339 invadebantur.
1382 4260 1484 4368 Ejus
1514 4272 1680 4339 causam
1700 4265 1904 4366 inquirenti
1931 4267 2021 4344 mihi
2046 4296 2106 4371 re·

296 4387 415 4464 latum
449 4388 508 4464 est
540 4412 691 4489 quoque
724 4384 784 4461 die
823 4390 956 4464 martis
989 4394 1026 4464 et
1057 4389 1207 4463 veneris
1240 4386 1323 4463 fieri
1356 4387 1507 4466 solitam
1540 4387 1806 4488 piscationem,
1847 4387 2106 4498 plurimosque

295 4536 536 4616 paganorum
562 4510 636 4586 hoc
662 4513 828 4614 utroque
853 4537 1026 4586 necnon
1052 4514 1268 4614 insequenti
1280 4506 1412 4588 dicbus
1424 4508 1595 4612 piscibus
1622 4515 1724 4586 vesci
1752 4511 1889 4589 solere.
1944 4516 2035 4607 Qua
2062 4548 2104 4595 ro

296 4636 489 4714 intellecta
517 4634 598 4711 dies
627 4637 796 4735 piscatus
824 4638 962 4710 mutari
982 4634 1086 4741 jussi
1115 4636 1230 4739 atque
1257 4643 1347 4711 tunc
1374 4639 1557 4737 cognovi,
1598 4633 1659 4710 his
1691 4639 1844 4711 mutatis
1878 4640 1989 4715 etiam
2023 4640 2104 4719 dies

279 4759 459 4864 ,febrium
492 4764 702 4836 invasionis
734 4765 887 4856 mutari,
929 4763 1042 4865 atque
1076 4786 1161 4835 cum
1192 4759 1358 4858 incolas,
1399 4763 1527 4861 pisces
1560 4786 1650 4837 esos
1682 4768 1842 4861 propter
1878 4766 2102 4863 gravitatem

282 4884 533 4965 ‘verisimilem
561 4911 648 4964 esse
674 4881 795 4961 febris
822 4910 992 4983 causam,
1034 4882 1266 4979 docuissem,
1299 4887 1363 4987 qui
1391 4909 1523 4961 eorum
1549 4911 1660 4962 usum
1687 4889 1921 4965 eutarerunt
1947 4912 1971 4963 a
1995 4886 2105 4967 lehre
