4830 6188
1095 390 1227 507 “ss

203 724 207 731 ¹
293 739 381 829 111.
457 732 824 828 obseruationes
870 738 1240 854 miereeeopicee
1295 736 1354 865 dc
1399 736 1559 840 modo,
1621 765 1715 854 quo
1761 764 1880 826 coro
1925 764 2105 827 enascu-

389 999 395 1015 ,
447 1010 451 1016 ,
537 900 656 987 loris
686 899 736 987 iu
766 898 1024 987 uentriculo
1057 909 1102 985 et
1119 898 1361 1019 intestinis
1381 876 1561 985 ‘conum
1593 895 1859 1016 digeratur.
1890 1012 1910 1027 ,Ι
2032 942 2035 947 -

1045 1109 1249 1203 Experim.
1285 1109 1345 1179 13.

969 1231 1127 1315 llutetionee
1143 1235 1230 1291 mnis
1245 1231 1431 1293 mummolinus.
1532 1308 1535 1315 Ι
1558 1280 1562 1291 .
2010 1308 2016 1317 Ι
2037 1310 2041 1317 ¹

430 1365 568 1439 Carnis
595 1357 740 1439 'crudae
773 1361 984 1464 particulae
1017 1366 1172 1448 ineunte
1203 1361 1419 1464 digestione
1452 1334 1691 1462 superficiem
1725 1337 1917 1463 accipiunt
1948 1363 2107 1438 scissem

295 1488 335 1577 et
348 1485 539 1583 villosam,
568 1487 607 1564 id
628 1487 1037 1590 quod‘evidcntissime
1065 1490 1332 1589 cognoscitur,
1360 1490 1394 1563 si
1422 1489 1461 1562 in
1487 1513 1626 1590 aquarn
1652 1488 1912 1573 immittuntur.
1962 1485 2057 1563 villi
2071 1511 2110 1561 ⁴a

231 1694 234 1699 ,
294 1609 506 1716 majoribus
534 1611 667 1687 frustis
695 1612 877 1688 secedunt
904 1615 1008 1689 etin
1035 1612 1169 1715 cbymo
1203 1610 1566 1713 deprehendantur.
1604 1611 1720 1703 Quae
1753 1611 1879 1687 sruste
1909 1613 1943 1685 si
1971 1613 2109 1686 micro·
2238 1700 2240 1705 Ι

175 1772 182 1810 ι
294 1739 428 1837 scopia
463 1738 744 1834 examinantur,
790 1733 909 1814 librae
937 1737 1173 1814 musculares
1200 1737 1379 1838 singulae
1405 1760 1490 1831 nou
1512 1735 1843 1837 segregatee÷sed
1874 1734 2042 1840 majores
2067 1739 2109 1812 in

294 1859 502 1937 fasciculos
529 1868 686 1936 coactae
717 1865 971 1964 reperiuntur.
1027 1861 1147 1954 Quod
1179 1888 1256 1966 quo
1288 1861 1424 1938 melius
1457 1863 1729 1969 perspiciatur,
1770 1864 1898 1938 cernis
1929 1859 2110 1945 vitulinae

164 2022 167 2028 -
295 1988 459 2073 recentis
492 1985 633 2062 enideo
666 1987 776 2089 (rig.
804 1989 854 2086 i)
885 2013 958 2063 nee
989 2013 1069 2062 non
1101 1984 1229 2062 carnis
1256 1985 1443 2092 vitulinae·
1468 1984 1611 2063 erudas
1648 1985 1866 2088 digestioni·
1885 1984 1969 2092 jam
2008 2011 2110 2062 com-

295 2110 435 2184 missae
468 2109 630 2186 frustum
663 2112 771 2213 (Fig.
801 2113 867 2211 3),
912 2140 933 2188 e
980 2115 1085 2188 canis
1118 2111 1328 2188 ventriculo
1366 2109 1593 2207 demtum,
1637 2109 1839 2191 delineavi.
1903 2115 1948 2191 ln
1975 2132 2110 2186 ‘cerne

295 2233 515 2323 muscula-13
542 2228 685 2313 recenti
724 2237 837 2315 facile
874 2244 997 2339 petet,
1050 2236 1224 2338 singulm
1260 2233 1381 2311 libras
1421 2262 1509 2327 esse
1550 2236 1774 2314 articulatas
1812 2244 1852 2313 et
1892 2224 2111 2312 internodia

295 2360 400 2452 striis
451 2366 681 2440 transvorsis
732 2359 1016 2458 subtilioribus,
1069 2368 1108 2437 et
1150 2359 1353 2437 luculentis
1396 2370 1540 2457 tamen,
1592 2365 1738 2439 notate.
1814 2364 1966 2438 Firmos
2020 2359 2111 2439 illae

139 2550 141 2555 .
198 2479 234 2486 '⁴
295 2478 425 2592 fibrae
469 2497 626 2564 servent
676 2515 800 2565 nexus
845 2482 1031 2563 laterales
1080 2493 1119 2561 et
1170 2490 1211 2562 in
1261 2485 1537 2588 longitudinem
1595 2486 1788 2569 dillieilius
1839 2493 2110 2588 segregantur.

294 2609 431 2684 Naxus
457 2611 522 2686 illc
549 2611 719 2689 lateralis
747 2611 1125 2713 interdigestionem
1158 2635 1312 2716 qnoque
1338 2613 1512 2711 persistit
1537 2619 1576 2688 et
1602 2611 1744 2690 solutio
1776 2638 1861 2688 eum
1889 2614 1930 2688 in
1956 2608 2132 2688 modun·

297 2736 436 2830 evenit,
477 2743 519 2810 ut
555 2737 707 2815 articuli
734 2743 780 2838 in
817 2736 1094 2839 longitudinem
1131 2738 1171 2812 in
1203 2733 1413 2837 particulas
1440 2740 1577 2839 magis
1594 2741 1812 2843 'magisque
1844 2737 2109 2815 decrescentes

296 2857 494 2958 secedent,
524 2866 666 2965 quippe
694 2856 842 2967 quibus*
862 2861 1010 2938 demum
1037 2887 1162 2937 nexus
1195 2860 1365 2936 lateralis
1399 2860 1608 2938 anferatur.
1661 2865 1865 2941 Postremo
1897 2857 2110 2964 particulae

295 2986 335 3058 in
360 3011 486 3086 grana
511 2991 765 3083 minutissima
791 2984 1081 3062 rotundinseula
1112 2982 1343 3062 dilabuntur.
1399 2987 1503 3061 (lare
1533 2986 1763 3063 muscularis
1796 2994 1907 3063 cocta
1945 2989 1986 3062 in
2026 2986 2110 3066 lon·

295 3107 505 3210 gitndinem
533 3111 645 3189 saeile
672 3116 712 3187 in
739 3110 859 3188 fibras
888 3109 1063 3212 singulas
1090 3109 1217 3187 diduci
1243 3115 1389 3210 potest3
1418 3110 1696 3195 articuli-hand
1723 3117 1848 3189 minus
1877 3136 1990 3216 quem
2017 3136 2110 3188 earo
2140 3106 2142 3111 ’

287 3231 432 3330 erade,
459 3262 636 3312 necnon
664 3242 779 3313 strias
806 3246 1045 3313 transversas
1073 3234 1257 3333 ostendit3
1284 3238 1410 3336 magis
1436 3244 1566 3313 tamen
1590 3237 1827 3313 condensata
1839 3233 2109 3341 estlibraeqne

218 3367 219 3370 ’
296 3363 509 3458 tenuiores,
545 3388 658 3468 quam
687 3366 814 3439 caruis
841 3361 1001 3458 crudae,
1041 3361 1081 3439 id
1110 3359 1213 3464 quod
1238 3357 1360 3436 fibrae
1385 3361 1594 3439 nonnullae
1619 3365 1748 3438 earnis
1773 3361 1955 3439 vitulinae
1971 3358 2109 3440 elixae

286 3482 407 3588 (rig.
436 3488 504 3588 3),
533 3513 619 3564 eum
648 3491 776 3564 cernis
805 3487 946 3565 crudae
973 3483 1084 3563 fibris
1110 3485 1222 3588 (Fig.
1251 3471 1314 3583 4)'
1327 3493 1590 3585 comparatae,
1624 3490 1720 3564 satis
1745 3486 2002 3564 manifestant.

183 3620 191 3639 '
282 3692 283 3696 Ἴ
428 3613 559 3688 Prima
599 3617 786 3710 mutatio,
817 3638 931 3718 quam
971 3637 1063 3687 earo
1103 3609 1356 3689 mammalium
1388 3612 1502 3686 cocta
1539 3617 1579 3687 in
1620 3636 1756 3688 eanum
1793 3612 2002 3689 ventriculo
2043 3639 2111 3690 ex·

295 3738 460 3837 peritrrr,
502 3766 549 3816 ca
589 3744 664 3833 est,
701 3721 750 3815 'ut
785 3736 908 3814 fibrae
950 3734 1189 3814 museuleres
1225 3761 1359 3811 omnes
1396 3738 1438 3810 in
1479 3734 1756 3836 longitudinem
1793 3763 1844 3814 ex
1881 3740 1966 3815 toto
2004 3766 2109 3817 sece-

3 3822 20 3833 ..
155 3849 167 3870 .,
285 3858 404 3958 'dant’
432 3861 471 3938 id
500 3861 605 3966 quod
631 3863 758 3964 ἥβη
788 3870 828 3960 1,
863 3860 1032 3939 ostendit
1063 3884 1162 3964 quae
1194 3855 1316 3937 libras
1343 3863 1472 3936 earnis
1498 3856 1668 3936 bubulae
1695 3860 1838 3957 elixae,
1865 3865 2110 3940 eeanisven·

287 3985 434 4062 ¹triculo
462 3990 682 4089 promptas,
717 3966 936 4096 delineatae·
954 3980 1123 4062 exhibet.
1177 3988 1282 4063 Caro
1311 3986 1444 4061 assata
1471 3982 1665 4063 difficilius
1692 3989 1733 4063 in
1760 3983 1879 4063 libras
1907 3985 2108 4103 diducitur,

266 4114 336 4221 gin
364 4137 440 4213 qno
468 4110 570 4190 etin
597 4111 735 4218 majori
761 4109 945 4188 librarum
973 4108 1111 4186 duritie
1138 4135 1258 4188 eausa
1273 4113 1401 4189 inesse
1419 4108 1718 4216 videtur,·qnod
1736 4115 1892 4211 aegrius
1907 4109 2108 4212 digeritur.

295 4235 459 4332 Eodem,
500 4264 577 4342 quo
603 4265 709 4315 nexu
735 4235 886 4313 laterali
912 4235 1127 4337 privantur,
1165 4233 1292 4336 gradu
1318 4231 1440 4310 fibrae
1467 4262 1537 4336 per
1568 4234 1845 4339 longitudinem
1871 4238 1912 4312 in
1940 4239 2109 4312 minores

287 4357 518 4447 *dilabuntur
544 4361 770 4463 particulas,
809 4363 976 4462 speciem
1003 4356 1246 4457 exhibentes,
1286 4363 1468 4464 tanquam
1495 4360 1661 4463 angulos
1689 4365 1824 4455 sentos
1851 4359 2109 4462 diffringendo

290 4488 572 4576 contraxerint.
635 4489 919 4590 Nonnunquam
961 4487 1089 4561 carnis
1126 4485 1355 4562 museuleris
1392 4485 1518 4561 inusta
1555 4483 1722 4586 angulos
1766 4488 1901 4561 acutos
1944 4486 2109 4585 primuni

296 4606 480 4710 offertmt,
520 4611 765 4715 utplurimum
797 4614 838 4687 in
870 4609 1082 4687 ventriculo
1115 4609 1270 4690 eosdem
1300 4611 1479 4689 retinent.
1533 4611 1579 4689 lu
1606 4608 1784 4689 duodeno
1811 4609 1943 4712 engadi
1970 4606 2110 4687 obtun-

296 4734 437 4831 duntur
468 4739 509 4816 et
539 4736 665 4817 frusta
690 4735 888 4839 paullatim
915 4735 1090 4840 crystalli
1115 4733 1203 4827 sub,
1218 4763 1320 4841 equa
1347 4732 1555 4812 diffluentis
1581 4735 1705 4820 instar
1735 4736 1949 4838 liquescere
1981 4733 2110 4811 riden-

293 4866 375 4960 tur,
416 4851 538 4971 denec
569 4865 725 4941 minima
756 4866 902 4937 tentum
929 4861 1094 4937 frustula
1120 4864 1316 4962 supersint
1340 4859 1451 4963 (sig.
1478 4861 1548 4963 2);
1585 4884 1717 4939 messe
1741 4862 1886 4959 emen,
1926 4862 1967 4937 in
1994 4885 2109 4965 quem
2236 4890 2239 4895 ·

295 4983 454 5089 abeunt,
481 4988 734 5094 generum
761 4988 993 5105 minutorum
1012 4986 1188 5087 speeiem
1214 4984 1345 5066 refert.
