4830 6188
1318 444 1376 550 20

448 667 573 737 carnis
608 659 748 754 elixae,
787 681 1011 758 carnemque
1046 650 1244 756 coquendo
1277 646 1505 753 mitigatam,
1543 645 1742 746 bubulam,
1775 653 2027 744 verveciuam,
2060 646 2254 724 vitulinam

374 825 377 831 ·
449 784 615 879 suillam,
642 780 755 857 modo
783 808 859 855 non
888 771 939 883 ‘sit
964 782 1138 881 pinguis,
1179 803 1250 852 nec
1277 774 1449 876 pleniore
1477 776 1685 881 quantitate
1701 777 1841 870 sumta,
1871 777 1909 849 et
1939 772 2129 877 jungatur
2162 798 2256 874 quo·

448 908 650 997 tidie.cum
678 902 921 1005 portiuncula
946 897 1180 1002 gallinaceos
1206 899 1266 975 vel
1294 895 1530 974 columbinae
1550 886 1616 975 ,vel
1643 897 1808 999 perdicis
1834 896 1894 972 vel
1922 901 2096 972 anatinae
2115 901 2279 993 caruis,¹

449 1028 737 1107 saluberrimum
770 1027 863 1107 mihi
890 1034 979 1103 esse
1011 1024 1226 1100 alimentum
1258 1027 1427 1119 invenio,
1467 1048 1539 1099 nec
1571 1025 1685 1105 nocet
1716 1027 1882 1124 exignus
1915 1018 2022 1098 cibos
2055 1046 2104 1097 ex
2137 1020 2256 1115 olere,
2365 1030 2372 1038 '

449 1153 552 1257 quod
578 1152 689 1231 facile
717 1154 768 1229 sit
794 1150 843 1228 ad
870 1147 1198 1253 concoquendum,
1226 1145 1375 1251 adjecto
1404 1144 1576 1247 pleniore
1603 1151 1714 1248 panis
1741 1144 1902 1223 candidi.

999 1383 1100 1464 Quae
1129 1381 1198 1445 cibi
1221 1389 1383 1466 tempora
1412 1383 1539 1447 idonea
1561 1383 1705 1448 suerint

581 1527 793 1624 Praecipua
842 1547 934 1596 vero
986 1501 1171 1595 medicina
1220 1523 1353 1622 patere
1404 1524 1444 1622 in
1490 1518 1567 1596 cibi
1617 1515 1855 1621 temporibus
1905 1516 1995 1593 mihi
2044 1476 2255 1595 videbator.

434 1648 578 1740 ,Quum
613 1652 712 1722 enim
747 1649 841 1723 satis
875 1641 1138 1720 observassem
1170 1646 1341 1720 intestini
1374 1649 1495 1720 crassi
1533 1644 1765 1720 limationem
1798 1669 1949 1744 semper
1980 1641 2029 1717 ad
2059 1668 2259 1744 vesperam

432 1774 722 1849 ‚incrementum
737 1796 890 1870 capere,
920 1772 958 1843 ct
970 1771 1162 1844 remittere
1176 1767 1371 1873 interdiu,
1386 1767 1480 1843 nihil
1492 1771 1683 1871 antiquins
1696 1763 1881 1843 habebam
1910 1783 2032 1870 quam,
2059 1769 2103 1843 ut
2128 1794 2177 1846 ne
2190 1771 2258 1842 mi·

448 1901 547 1970 nime
576 1891 724 1997 quidem
751 1892 898 1967 illamt
881 1889 1087 1988 turbarem,
1116 1904 1445 1994 proponeremque
1472 1891 1562 1966 mihi
1587 1896 1738 1990 vesperi
1764 1918 1842 1966 non
1862 1889 1930 1994 jus
1958 1916 2029 1967 nec
2056 1889 2159 1966 aliud
2184 1898 2257 1965 nec

448 2023 574 2093 carnis
608 2017 729 2094 elixae
763 2016 888 2094 edere.
944 2014 1062 2108 Quod
1096 2040 1143 2093 ex
1172 2043 1247 2119 qno
1279 2015 1365 2108 feci,
1392 2014 1610 2132 inclinari
1591 2014 1749 2118 Jamjam
1775 2013 1824 2089 ad
1855 2013 1989 2090 melius
2021 2010 2259 2090 inveniebam

447 2123 697 2218 valetudinem
734 2167 866 2217 meam.
922 2137 999 2218 Ubi
1026 2144 1126 2216 enim
1157 2136 1296 2234 febris,
1338 2164 1452 2242 quum
1486 2127 1638 2216 omissis
1672 2135 1848 2213 omnihus
1875 2137 2051 2214 remediis
2079 2137 2259 2214 solventi-

449 2264 524 2342 bus
554 2267 648 2366 post
681 2264 884 2340 secundam
910 2265 1041 2339 horam
1069 2263 1365 2366 pomeridianam
1391 2250 1484 2338 nihil
1526 2262 1638 2341 cdere
1679 2265 1718 2339 et
1756 2268 1907 2364 vesperi
1946 2267 2072 2337 vinum
2110 2264 2258 2338 tantum

447 2387 606 2465 rubrum
648 2388 708 2465 vel
754 2415 942 2465 meracum
982 2388 1042 2464 vel
1090 2414 1175 2462 cum
1216 2385 1330 2462 chinii
1374 2386 1546 2487 pauxillo
1590 2389 1742 2462 mistum
1787 2386 1939 2463 haurire
1985 2392 2258 2480 consueverim,

447 2519 609 2615 primum
637 2515 858 2588 constanter
885 2511 1014 2608 desiit,
1044 2508 1119 2587 cibi
1146 2514 1320 2614 tempora
1349 2514 1406 2586 sic
1435 2510 1623 2607 ordinavi,
1650 2514 1694 2586 ut
1711 2538 1820 2588 manc
1846 2510 2025 2613 patellam
2053 2510 2259 2612 pulticulae

449 2665 471 2712 e
499 2636 623 2711 l‘arina
649 2640 798 2712 triticea
830 2639 896 2711 aut
922 2665 1006 2713 cum
1021 2642 1146 2711 carnis
1168 2633 1343 2740 jusculo,
1364 2637 1438 2710 aut
1456 2661 1506 2710 ex
1530 2661 1629 2737 aqna
1648 2663 1732 2711 curn
1751 2635 1902 2737 glutino
1921 2634 2080 2710 vitulino
2114 2639 2258 2730 coctae,

449 2763 489 2836 et
516 2758 661 2835 decima
687 2760 784 2834 hora
810 2786 944 2836 rursus
972 2759 1152 2867 pqtellam
1173 2759 1276 2864 juris
1305 2764 1431 2834 carnis
1459 2758 1584 2834 elixae
1613 2786 1696 2834 cum
1728 2785 1829 2858 panc
1862 2758 2024 2836 candido
2058 2785 2258 2855 sumerem,

448 2884 618 2962 secunda
649 2882 708 2960 vel
741 2886 856 2959 tertia
886 2882 984 2960 hora
1017 2911 1234 2979 coenarem,
1275 2888 1426 2983 vesperi
1459 2886 1584 2959 autem
1612 2881 1661 2958 ad
1689 2910 1872 2959 summum
1899 2883 2046 2959 caldam
2074 2882 2257 2960 saccharo

448 3012 611 3111 vinoque
639 3010 790 3083 mistam
817 3004 999 3085 hiberam.
1053 3011 1204 3084 Bonum
1233 3010 1358 3083 antem
1384 3012 1528 3104 vinum,
1556 3010 1739 3107 imprimis
1766 3003 1945 3105 rubrum,
1974 3007 2121 3084 modice
2147 3012 2271 3083 initio·

449 3129 545 3207 adeo
580 3131 710 3232 paullo
738 3131 886 3233 largius
914 3158 959 3208 ac
985 3137 1172 3208 meracius
1205 3131 1399 3227 haustum,
1441 3158 1591 3233 semper
1623 3127 1913 3208 saluberrimum
1940 3131 2029 3210 mihi
2056 3132 2175 3213 finisse
2199 3136 2257 3208 iu·

419 3252 591 3329 ‘tellext
1183 3269 1186 3275 ’

1068 3525 1070 3529 .
1097 3466 1309 3535 Medicina
1341 3458 1612 3554 magistralia.

577 3627 711 3704 Altero
744 3655 836 3706 vcro
869 3627 957 3706 loco
990 3632 1162 3706 intestini
1195 3636 1317 3707 crassi
1348 3630 1579 3707 functionem
1614 3633 1669 3706 sic
1696 3627 1855 3708 relicere
1882 3626 2070 3724 conabar,
2098 3634 2142 3706 nt
2173 3635 2257 3709 arte

448 3776 530 3826 cam
563 3778 634 3852 per
666 3751 940 3830 medicamenta
979 3779 1180 3830 moverem.
1247 3759 1320 3832 Cui
1356 3759 1413 3831 rei
1449 3751 1793 3831 homoeobioticam
1837 3760 1997 3831 maxime
2035 3753 2257 3832 medicinam

448 3879 574 3974 aptam
603 3904 707 3971 esse,
750 3876 788 3951 id
817 3882 876 3953 est
910 3892 1093 3952 summum
1127 3878 1331 3972 remedium
1359 3891 1438 3953 nou
1469 3883 1510 3953 in
1545 3881 1651 3954 certo
1686 3875 1849 3981 quodam
1881 3878 2153 3955 medicamento
2187 3870 2274 3955 sua*

449 3997 628 4099 qualitate
655 3999 848 4101 praedito,
891 3999 1025 4076 sedin
1059 4004 1163 4077 certa
1192 4002 1412 4078 functiones
1450 4001 1660 4078 incolumes
1688 4006 1727 4077 in
1755 4028 1918 4103 corpore
1946 4006 2108 4103 aegroto
2134 4002 2257 4079 adhuc
2364 3994 2373 4001 '⁸

447 4126 674 4223 superstites
701 4122 751 4199 ad
780 4123 1046 4224 expellendum
1074 4123 1247 4201 morbum
1275 4123 1455 4203 moliendi
1481 4125 1659 4202 methodo
1689 4125 1942 4229 quaerendum
1970 4154 2074 4221 csse,
2101 4125 2258 4204 videbar

448 4245 539 4320 mihi
565 4245 792 4348 intelligere.
846 4250 998 4324 Etenim
1026 4249 1190 4326 chinium
1216 4277 1295 4324 non
1322 4254 1499 4351 protinus
1526 4251 1566 4325 et
1591 4251 1829 4352 simpliciter,
1857 4276 1979 4352 neque
2007 4238 2158 4352 semper
2183 4252 2257 4329 tol-

445 4367 526 4445 lere
553 4366 707 4467 sehrim,
740 4376 785 4449 nt
810 4373 928 4476 vulgo
956 4371 1103 4467 dieunt,
1137 4401 1251 4478 quum
1278 4400 1349 4475 per
1374 4376 1454 4449 tros
1481 4400 1649 4471 menses,
1691 4379 1731 4450 in
1759 4370 1897 4476 qnihns
1924 4373 2078 4470 sebrlvi,
2120 4379 2154 4450 si
2180 4381 2257 4450 sin·

443 4492 540 4594 gula
554 4492 745 4595 colligam,
776 4495 872 4572 duas
891 4496 976 4602 jam
1001 4504 1135 4574 uncias
1163 4477 1428 4600 sumpsissem,
1456 4501 1526 4595 ita,
1553 4502 1598 4575 nt
1623 4482 1761 4592 febris,
1791 4504 1959 4601 quamvis
1986 4496 2138 4602 qnando
2153 4526 2256 4576 mere

445 4615 777 4694 homoeobioticos
805 4648 851 4695 eo
875 4627 1020 4722 'gignas
1049 4620 1208 4699 effectus
1235 4620 1330 4725 (qua
1355 4621 1403 4699 de
1430 4650 1473 4699 re
1501 4627 1593 4726 post
1618 4619 1808 4724 narrabo)
1835 4628 1968 4725 paucis
1995 4628 2127 4724 granis
2156 4628 2258 4699 simi·

446 4739 593 4846 lemque
620 4746 693 4819 vim
720 4739 952 4821 habentibus
979 4745 1157 4823 remediis
1183 4773 1322 4848 posses
1351 4748 1556 4844 discutere,
1582 4774 1668 4822 -non
1696 4747 1865 4843 cederet,
1891 4746 1974 4851 jam
2001 4751 2096 4823 satis
2125 4775 2257 4851 super-

445 4892 518 4970 que
546 4894 647 4944 cram
675 4869 871 4972 expertus.
926 4873 1042 4974 Atqui
1069 4876 1222 4973 saepius
1251 4876 1555 4966 commemoravi,
1584 4870 1636 4949 sel
1650 4876 1749 4949 inter
1763 4876 2257 4950 accessionemincrementi
2329 4936 2340 4952 ,

444 4993 483 5067 in
512 4991 728 5096 digestione
755 4995 928 5072 intestini
955 5001 1075 5072 crossi
1102 4995 1152 5073 ad
1179 5020 1341 5074 coecum·
1368 4994 1490 5074 llucns
1524 4996 1643 5074 luisse
1677 4994 1980 5075 saluberrimum.
2034 4999 2168 5102 ltaque
2200 5003 2257 5074 ni·
