4808 6186
1040 468 1057 487 ’
1200 429 1259 523 87

315 633 539 731 ¹lliscrimen
565 655 656 706 vero
682 599 788 704 inest
810 630 851 702 in
878 621 976 702 cibis
992 586 1273 725 vegetabilibus
1292 594 1499 740 secundum
1516 647 1662 725 genera
1679 624 1719 700 el
1730 621 1893 725 parandi
1905 598 2134 721 methodum,

325 783 421 863 quae
448 758 504 832 ita
531 755 803 835 constituerim·
856 753 974 828 Pania
1002 753 1168 826 omnium
1200 747 1414 825 levissimus
1446 748 1799 854 valentissimusque
1832 754 1903 826 est.
1959 749 2135 853 Sequun-

324 890 386 957 tur
414 880 557 959 olerum
584 885 850 984 percoctorum
879 902 941 971 ea,
970 900 1068 979 quae
1095 869 1284 951 albumine
1311 860 1571 994 saccharoque
1598 869 1911 969 abundantrelut
1937 873 2031 951 lolia
2058 877 2134 976 spi·
2265 885 2303 929 '-

323 1009 453 1083 naciae
482 1005 679 1083 oleraceae
707 1005 747 1081 et
771 999 943 1079 lactucae
972 1001 1132 1095 satirae,
1161 994 1319 1077 soboles
1333 1002 1514 1100 asparagi
1542 1007 1580 1076 et
1605 998 1767 1094 humuli,
1792 999 1943 1076 radices
1960 997 2134 1076 novellae
2162 1026 2166 1039 ’
2266 1087 2267 1090 ¹

192 1118 194 1122 Α
323 1128 434 1206 dauci
462 1133 615 1206 ceretae
642 1132 682 1206 ct
709 1133 757 1204 sii
783 1128 914 1220 sisari,
941 1123 1137 1225 legumina
1162 1122 1296 1198 viridia
1321 1121 1496 1225 phasaeli
1521 1123 1693 1226 vulgaris
1721 1129 1870 1229 pisique
1897 1127 2020 1201 sativi.

428 1253 635 1330 Difficilius
667 1252 841 1328 feruntur
874 1246 1012 1325 tubera
1044 1245 1168 1322 solani
1205 1243 1397 1345 tuberosi,
1438 1250 1479 1325 et
1515 1253 1581 1352 qni
1619 1276 1670 1326 cx
1700 1247 1897 1344 brassicae
1936 1249 2133 1326 oleraeeae

322 1374 569 1455 varietatibus
597 1376 797 1455 sumuntur
824 1370 916 1450 eibi:
957 1377 1081 1449 minus
1107 1373 1236 1448 tamen
1262 1369 1437 1451 brassica
1469 1376 1636 1474 capitata
1663 1381 1701 1451 et
1726 1373 1989 1476 gongylodes,
2023 1399 2133 1477 qnam

203 1545 216 1560 ,
321 1505 368 1580 B.
395 1500 560 1605 botrytis
587 1508 625 1578 et
652 1504 791 1600 erispa.
845 1502 976 1600 Magis
1001 1494 1138 1574 inllant
1165 1522 1294 1596 rapae.
1348 1494 1508 1576 Ecibis
1534 1495 1813 1600 vegetabilibus
1833 1503 1961 1600 passis
1980 1499 2134 1575 levitate
2286 1494 2291 1509 ’

321 1629 517 1729 praestant
543 1651 640 1726 sago
668 1620 727 1700 vel
761 1620 925 1724 amylum
953 1624 1174 1722 praecipue,
1216 1624 1427 1725 sequuntur
1454 1646 1574 1718 avena
1600 1625 1852 1720 excutiente,
1887 1627 2033 1700 semina
2058 1626 2134 1724 pisi

323 1755 433 1826 satiri
466 1757 505 1824 et
543 1745 718 1850 phasaeli
755 1744 949 1846 vulgaris,
997 1744 1157 1848 deniqne
1196 1744 1380 1822 hordeum
1423 1748 1696 1822 excorticatnm
1734 1750 1774 1825 et
1811 1776 1939 1825 semen
1978 1773 2132 1849 oryzae.
2235 1802 2237 1806 .

191 1878 193 1883 '
322 1877 413 1966 Quo
453 1877 577 1974 magis
618 1870 758 1946 virides
799 1877 837 1948 et
869 1868 1009 1946 crudae
1050 1877 1139 1944 sunt
1178 1869 1393 1971 plantarum
1422 1872 1582 1973 partes,
1628 1897 1674 1947 co
1721 1873 1913 1950 difficilius
1955 1873 2133 1973 digerun-

320 2001 393 2073 tur.
448 2000 592 2073 Harum
621 1998 786 2071 omnium
818 1997 1016 2096 praestant
1047 1993 1195 2071 fructus
1222 2001 1396 2071 recentes
1429 1998 1641 2072 cucumeris
1673 1999 1785 2073 satiri
1818 2006 1856 2074 et
1892 2026 1926 2074 c.
1959 1995 2135 2092 melonis,

320 2123 367 2200 dc
395 2119 533 2226 quibus
553 2120 636 2226 jam
663 2117 766 2220 apud
791 2119 956 2203 Plinium
983 2116 1146 2220 legimus
1174 2117 1286 2195 hacc:
1338 2121 1480 2194 Vivunt
1505 2118 1632 2197 hausti
1657 2125 1698 2196 in
1725 2121 1922 2199 stomacho
1942 2124 1981 2196 in
2005 2128 2157 2221 poste·v

310 2275 403 2335 rum
431 2246 546 2343 diem,
573 2272 646 2321 nec
671 2242 806 2346 perlici
832 2247 975 2347 queunt
1000 2247 1041 2317 in
1069 2238 1166 2318 cibis
1194 2243 1319 2341 (llist.
1347 2250 1426 2319 nat.
1453 2244 1501 2320 L.
1527 2242 1642 2321 XIX.
1671 2248 1716 2323 0.
1744 2248 1835 2347 vl.)
1860 2250 1925 2325 Ex
1951 2246 2013 2322 his
2039 2270 2133 2320 vero
2287 2300 2289 2305 -
2347 2226 2351 2239 ⁸

317 2376 345 2448 ii
372 2370 522 2449 facilius
548 2370 740 2465 feruntur,
782 2371 847 2470 qui
879 2366 1078 2444 ventriculi
1115 2372 1222 2445 motu
1262 2371 1380 2444 citato
1420 2367 1583 2445 celerius
1621 2373 1663 2445 in
1703 2374 1883 2449 intestina
1921 2371 2133 2466 transeunt,
2188 2431 2191 2435 Α
2353 2430 2358 2437 ,

318 2495 423 2574 velut
447 2521 565 2598 poma
589 2490 758 2588 acidula,
786 2490 934 2597 fructus
961 2518 1188 2593 prrmorum‚
1221 2518 1317 2569 urae
1344 2495 1435 2569 vitis
1460 2491 1661 2597 viniferae,
1695 2493 1857 2600 denique
1889 2495 2036 2572 fructus
2070 2520 2134 2568 cn·
2206 2490 2218 2505 ⁸
2332 2491 2336 2505 '

187 2639 199 2647 ·
306 2618 492 2698 ὀιιὼίῑαο
518 2622 699 2723 peponis,
727 2643 888 2720 quornm
912 2616 1082 2697 indolem
1109 2617 1257 2695 Plinius
1277 2614 1362 2722 jam
1393 2606 1506 2695 hisce
1531 2617 1675 2696 indicat
1700 2615 1847 2724 ‚verbisr
1888 2616 2040 2717 „Cibus
2073 2644 2133 2694 sa·

317 2745 429 2824 luber
456 2772 502 2820 ac
528 2745 627 2821 lenis
654 2739 831 2843 pluribus
857 2739 981 2819 modis
1009 2744 1266 2838 existimatur,
1295 2746 1361 2844 qui
1386 2741 1519 2844 perfici
1546 2745 1587 2819 in
1613 2743 1778 2821 humano
1805 2753 1936 2824 ventre
1950 2772 2028 2822 uon
2043 2769 2156 2848 que-¹
2200 2730 2203 2737 ¹

319 2880 403 2968 ant,
432 2870 607 2947 sednon
634 2869 932 2945 intumescant.“
978 2866 1105 2967 (llist.
1132 2875 1211 2945 nat.
1238 2865 1353 2945 XIX.
1382 2869 1428 2944 C.
1456 2867 1547 2968 Vl.)
1989 2863 1998 2873 ’

1130 3109 1322 3183 Conclusio.

451 3246 626 3320 Attamen
652 3268 731 3317 non
764 3239 993 3318 credendum
1026 3244 1087 3318 est
1119 3269 1268 3354 omnem
1299 3238 1439 3339 cibum,
1467 3245 1532 3348 qui
1556 3188 1716 3346 propter
1741 3243 1904 3323 celerem
1930 3245 2131 3321 transitum

317 3397 388 3473 per
414 3366 663 3447 ventriculum
689 3393 770 3443 non
795 3363 1008 3456 molestiam
1035 3366 1183 3463 afferat,
1211 3371 1389 3469 protinus
1415 3396 1501 3447 esse
1529 3370 1716 3447 concoetu
1743 3369 1892 3449 facilem
1918 3368 2132 3447 valentissi·
2251 3360 2255 3367 ’

316 3522 506 3600 mumque.
573 3490 772 3595 Siquidem
800 3518 932 3568 omnes
960 3487 1053 3587 cibi,
1081 3518 1154 3569 sua
1185 3491 1315 3569 indole
1341 3484 1540 3570 ventriculi
1566 3496 1710 3591 motum
1738 3497 1917 3595 duales,
1945 3520 2023 3569 non
2044 3518 2131 3595 per·
2212 3518 2215 3523 ·
2269 3550 2282 3597 Ξ,

312 3622 416 3713 lecte
442 3625 482 3695 in
510 3618 683 3720 chpmum
710 3618 908 3693 vertuntur
941 3623 979 3692 et
1005 3600 1189 3692 velociter
1219 3619 1260 3693 in
1292 3621 1511 3695 intestinum
1544 3617 1871 3720 transgredientes
1907 3621 2001 3696 satis
2032 3613 2130 3693 bene
2208 3692 2212 3701 ,

315 3745 507 3824 femur·
528 3741 679 3847 quidem
712 3741 891 3846 quamdiu
924 3738 1174 3817 ventriculum
1208 3753 1414 3844 occupant,
1441 3741 1586 3819 nullum
1612 3770 1703 3821 vero
1731 3743 1948 3848 alimentum
1976 3743 2130 3844 corpori

289 3865 520 3972 praebent,
572 3869 707 3968 utpote
745 3870 810 3970 qui
842 3868 1009 3941 maxima
1047 3892 1097 3943 ex
1133 3869 1244 3968 parte
1275 3893 1354 3942 non
1392 3871 1526 3944 mutati
1558 3895 1643 3943 cum
1676 3867 1750 3945 alvi
1782 3870 2035 3969 excrementis
2063 3866 2131 3972 eji-

284 4060 286 4065 .
317 3998 478 4073 eiaulnr.
908 4012 911 4019 ’
1270 3998 1273 4004 ’
1672 4060 1675 4064 ,
2073 4002 2081 4012 ’

451 4118 555 4194 Sunt
579 4138 671 4194 vero
698 4111 790 4211 cibi,
819 4118 885 4218 qni
916 4124 1078 4218 propter
1109 4114 1404 4212 valentissimam
1445 4116 1631 4221 simulque
1662 4116 1889 4196 levissimam
1921 4118 2129 4213 materiam,

317 4243 475 4338 diutius,
504 4251 546 4317 ut
571 4238 978 4343 penitusdigcrantur,
1005 4244 1045 4317 in
1073 4240 1285 4318 ventriculo
1313 4245 1493 4345 maneant
1516 4242 1680 4346 ideoque
1702 4240 1806 4338 illico
1825 4242 1969 4349 aliquid
1986 4246 2129 4320 incom-

316 4368 420 4446 modi
438 4366 679 4442 all'erantaut
706 4364 845 4443 afferre
872 4363 1089 4463 videantur,
1116 4368 1244 4441 umen
1270 4393 1314 4443 re
1340 4395 1431 4465 pera
1462 4366 1632 4468 perlecta
1644 4359 1941 4473 concoquantur.
1980 4369 2129 4474 Neque,

315 4490 381 4570 nbi
415 4490 550 4568 deinde
581 4495 620 4565 in
647 4492 828 4567 intesb'na
859 4491 1111 4586 transierunt,
1152 4488 1225 4568 hos
1258 4519 1424 4596 unquam
1452 4492 1692 4568 incommoda
1719 4501 2012 4599 consequentur.
2065 4496 2129 4572 Ex

316 4645 392 4723 qua
414 4644 459 4694 re
486 4613 713 4717 intelligitur
739 4619 890 4691 ostreas
917 4613 1066 4710 edules,
1093 4613 1154 4691 lac
1180 4614 1240 4690 vel
1267 4616 1451 4693 lactarios
1468 4614 1590 4713 eibos,
1618 4645 1707 4715 ore,
1722 4625 1867 4721 ‚potum
1880 4617 2133 4715 0011‘02021133
2292 4630 2297 4635 -
2347 4637 2351 4653 .

316 4769 390 4848 que
417 4739 587 4845 ejusdem
613 4736 753 4816 indolis
780 4736 974 4837 abmonta,
1021 4740 1135 4816 etiam
1161 4738 1335 4843 pleniore
1369 4744 1483 4844 copia
1514 4743 1691 4843 sumpla,·
1711 4748 1751 4827 in
1782 4742 1993 4842 ventriculo
2024 4743 2128 4821 illico

316 4864 481 4973 quidem.
506 4860 606 4941 bene
646 4863 825 4965 perferri,
865 4872 1003 4965 postca
1043 4862 1192 4943 demum
1222 4869 1375 4964 sensim
1403 4893 1569 4968 corpora
1594 4864 1782 4972 affligere.
1834 4869 1931 4943 Nam
1973 4872 2038 4971 qui
2067 4866 2128 4945 bis

315 4987 576 5093 similibusque
594 4988 792 5066 *elimentis
815 4991 971 5091 saepius
1001 4993 1130 5067 utatur
1156 4995 1340 5093 imprimis
1365 4999 1562 5111 assaturae
1585 4991 1745 5099 junctis,
1773 4989 1857 5096 ejus
1882 4991 2128 5090 ventriculus,
