4830 6188
1319 476 1379 570 88

424 651 602 782 'quamvis
631 678 681 750 sit
706 670 958 768 firmissimus,
986 678 1112 748 tamen
1139 667 1292 747 assidue
1319 672 1521 775 gravatus,
1556 698 1652 777 quae
1680 671 1909 773 oll'eruutur,
1942 673 2045 753 lerre
2071 700 2149 751 non
2176 700 2246 777 po-

382 804 534 878 terit.
588 802 721 903 Neque
750 798 918 874 convivis
945 798 1076 899 utique
1104 792 1333 873 eredendum
1360 805 1436 895 est,
1465 801 1546 901 qui,
1575 824 1658 874 eum
1674 802 1785 877 inter
1811 799 1944 901 epulas
1962 800 2248 902 voluptatitan·

397 922 625 1001 tummodo
654 921 897 1030 indulgentes
925 948 996 1012 nec
1024 916 1195 996 ciborum
1223 922 1450 1022 gravitatem
1478 927 1696 1022 spectantes
1725 950 1811 1015 sese
1837 924 2093 1026 impleverint,
2120 933 2247 1001 tamen

435 1050 634 1125 redeuntes
675 1046 944 1159 nihilominus
961 1044 1205 1145 cupediarum
1245 1049 1551 1147 patrocinium
1539 1074 1578 1122 ιιι
1619 1042 1901 1125 accusationem
1941 1075 2019 1124 non
2066 1054 2246 1126 merentis

435 1171 620 1249 stomachi
648 1168 801 1248 liabent.
1643 1186 1648 1195 ⁴

1128 1384 1556 1407 m

797 1653 798 1656 l
864 1690 927 1783 ll.
990 1691 1071 1783 De
1116 1682 1373 1812 digestione
1418 1692 1625 1783 intestini
1670 1696 1813 1783 coeci.

571 1904 853 2009 Experimentis
892 1930 983 1978 vero
1023 1900 1430 2007 observationibusque
1471 1933 1590 2006 supra
1627 1904 1828 2006 explicatis
1855 1903 1978 2007 (Exp.
2017 1907 2065 1982 15
2087 1948 2135 1963 -
2157 1909 2251 2005 22.)

439 2032 632 2111 evidenter
660 2032 841 2105 em‘ncitur
869 2025 978 2103 cibos
1004 2031 1044 2103 in
1070 2032 1251 2105 intestino
1279 2056 1396 2106 cocco
1430 2039 1639 2131 congestos
1671 2055 1750 2105 nou
1783 2030 1924 2129 solum,
1965 2039 2008 2105 ut
2039 2035 2078 2106 iu
2110 2035 2253 2108 ventri-

439 2157 544 2252 culo,
572 2181 707 2229 rursus
735 2177 930 2260 acescere,
966 2152 1034 2228 sed
1063 2156 1175 2229 ctiam
1203 2152 1337 2229 deinde
1365 2152 1512 2229 acidum
1547 2155 1719 2256 elrymum
1753 2158 1809 2230 sic
1841 2164 2017 2232 exortum
2061 2182 2132 2257 per
2157 2154 2252 2232 bilis

439 2281 701 2357 admistionem
729 2275 854 2352 denuo
881 2276 1090 2353 neutralem
1107 2277 1190 2352 lieri
1217 2276 1318 2353 velut
1345 2282 1384 2353 in
1413 2277 1603 2354 duodeno.
1657 2256 1922 2355 Proliciscitur
1948 2280 2035 2357 ideo
2060 2309 2084 2356 a
2102 2258 2252 2382 duplici

438 2406 512 2482 boc
539 2401 629 2479 bilis
657 2400 847 2478 desiderio
876 2404 1020 2475 tamin
1052 2399 1250 2476 ventriculi
1283 2429 1393 2504 quam
1427 2404 1467 2476 in
1499 2406 1669 2479 intestini
1703 2409 1809 2480 coeci
1844 2403 2058 2505 digestione
2090 2416 2253 2506 antago-

433 2536 583 2621 ¹nismus
610 2527 747 2603 horum
775 2550 1026 2627 organorum,
1054 2527 1188 2626 utpote
1216 2552 1317 2621 cum,
1345 2522 1433 2602 bilis
1461 2533 1573 2629 eopia
1592 2555 1616 2602 a
1635 2527 1768 2630 chymo
1788 2532 1828 2603 in
1844 2527 2019 2606 duodeno
2039 2525 2252 2630 absumpta,
2291 2630 2297 2636 η

437 2660 600 2759 propter
627 2651 712 2757 ejus
737 2654 937 2751 penuriam
965 2648 1129 2750 digestio
1157 2652 1325 2726 intestini
1354 2656 1460 2727 coeci
1487 2651 1620 2754 perfici
1637 2679 1715 2727 non
1730 2657 1872 2754 possit,
1900 2664 2034 2730 contra
2050 2680 2156 2752 vero,
2182 2651 2252 2730 ubi

354 2846 358 2863 ,
437 2776 527 2856 bilis
557 2781 670 2876 copia
696 2798 952 2877 pervacuum
979 2778 1197 2850 intestinum
1225 2777 1338 2850 tenue
1372 2775 1421 2852 ad
1448 2780 1667 2884 intestinum
1700 2804 1854 2853 coecum
1887 2786 2074 2876 transeat,
2114 2790 2252 2856 marsus

327 2905 329 2909 ’
439 2905 595 3006 chymus
635 2899 770 2977 deinde
803 2926 827 2973 a
859 2897 1070 2974 ventriculo
1103 2901 1143 2973 in
1172 2896 1386 2974 duodenum
1419 2900 1581 2978 affluens
1609 2904 1700 3002 post
1731 2898 1845 2977 bilem
1876 2899 2113 3005 absumptam
2139 2903 2251 2979 acido

309 3125 311 3129 v
438 3030 582 3131 privari
609 3035 721 3130 atque
747 3027 788 3099 in
816 3021 965 3126 chylum
985 3025 1123 3099 mutari
1151 3050 1228 3097 non
1256 3026 1393 3123 possit.
1447 3025 1607 3102 Videtur
1634 3033 1834 3127 praeterea
1859 3023 1949 3103 bilis
1977 3026 2088 3130 'copia
2113 3032 2253 3105 ventri·
2385 3050 2389 3055 ·

440 3153 566 3229 culum
594 3149 643 3225 ad
676 3146 908 3252 egerendum
941 3148 1113 3251 chymum
1145 3151 1330 3244 excitare,
1373 3146 1475 3252 quod
1507 3152 1591 3224 'cum
1624 3153 1664 3224 in
1697 3149 1780 3255 ejus
1813 3156 1974 3250 penuria
2005 3165 2097 3227 non
2115 3158 2252 3255 possit,

441 3279 631 3381 sequitur,
657 3277 701 3348 ut
727 3271 926 3350 ventriculi
954 3281 1061 3346 actus
1088 3268 1318 3370 inhibeatur,
1347 3272 1586 3377 digestioquc
1613 3275 1833 3376 imperfecte
1861 3275 1938 3351 liat.
1995 3278 2128 3368 Quare
2147 3282 2186 3353 in
2204 3282 2254 3354 iis

441 3396 684 3493 animalibus,
714 3422 874 3500 quorum
902 3396 1066 3499 digestio
1095 3401 1261 3473 intestini
1289 3401 1395 3475 coeci
1420 3403 1623 3474 maximnm
1651 3403 1923 3476 incrementum
1949 3405 2169 3501 acceperit,
2189 3429 2252 3480 re·

440 3527 498 3604 lut
523 3530 562 3600 in
588 3519 822 3623 berbiroris,
855 3525 1146 3623 antagonismus
1174 3521 1239 3600 ille
1266 3527 1320 3597 ita
1347 3521 1496 3599 solutus
1524 3530 1702 3624 apparet,
1729 3527 1772 3599 ut
1796 3531 1959 3629 utraque
1984 3525 2151 3626 digestio
2171 3554 2253 3604 cer·

440 3658 520 3745 tum
535 3676 643 3724 suum
670 3643 1001 3748 tempuslrabeat,
1029 3651 1083 3722 ita
1108 3654 1150 3722 nt
1176 3651 1411 3723 increscente
1438 3651 1606 3724 intestini
1634 3653 1739 3724 coeci
1767 3651 1917 3727 actione
1944 3648 2141 3727 ventriculi
2168 3652 2253 3728 olii·
2285 3733 2291 3741 „

442 3780 541 3852 cium
572 3773 756 3867 remittat,
799 3777 937 3874 contra
963 3796 1056 3848 vcro
1089 3769 1246 3846 simulac
1278 3769 1476 3847 ventriculi
1508 3775 1609 3847 actio
1644 3781 1800 3847 evocata
1833 3777 1900 3869 sit,
1939 3778 2109 3851 intestini
2148 3782 2253 3855 coeci

442 3899 586 3976 functio
620 3896 785 3972 finiatur.
845 3897 896 3971 Bt
928 3899 982 3972 ita
1016 3893 1165 4001 quidem
1198 3898 1238 3970 iu
1277 3873 1554 3973 ruminantibus
1592 3903 1766 3997 tempora
1802 3899 2023 3975 incrementi
2055 3904 2253 4006 utriusque

443 4021 648 4100 functionis
677 4025 883 4099 constituta
910 4018 1312 4117 sunt,ntvent11culr
1339 4025 1438 4096 actio
1465 4020 1647 4117 interdiu,
1676 4025 1845 4100 intestini
1872 4027 1977 4099 coeci
1997 4032 2121 4100 autem
2139 4035 2253 4106 nocte

443 4151 631 4223 increscat
658 4155 696 4224 et
723 4146 953 4244 dominetur,
981 4145 1048 4222 illa
1073 4152 1205 4242 nocte,
1233 4144 1326 4220 baec
1353 4120 1518 4221 interdiu
1545 4149 1720 4222 remittat.
1774 4129 1898 4246 lgitur
1923 4147 2120 4260 ventriculi
2143 4151 2255 4268 dige-
2388 4216 2394 4229 .

445 4276 607 4348 stionem
640 4272 829 4368 diurnam,
871 4275 1039 4348 intestini
1065 4274 1172 4346 coeci
1204 4278 1427 4345 nocturnam
1461 4270 1742 4371 appellaverim.
1804 4248 2103 4379 Comprehendit
2131 4286 2254 4356 autem

405 4394 410 4401 ⁴
442 4398 525 4473 tota
552 4394 717 4495 digestio
745 4396 817 4472 lias
845 4396 941 4474 duas
967 4397 1138 4498 partes
1125 4399 1285 4473 invicem
1315 4421 1402 4471 sese
1429 4393 1653 4499 adjuvantes
1681 4402 1794 4497 atque
1822 4394 2039 4497 explentes,
2082 4398 2256 4481 alternis-

356 4496 364 4505 ·
444 4546 517 4625 que
545 4518 793 4596 dominantes.

575 4647 691 4752 Atqui
718 4643 828 4722 lacile
854 4652 982 4746 potest
1008 4645 1175 4745 perspici
1200 4646 1242 4719 in
1270 4647 1480 4720 carnivoris
1507 4640 1730 4721 animalibus
1757 4646 1928 4721 intestini
1955 4652 2061 4725 coeci
2087 4638 2280 4733 ofdeiumv

442 4771 498 4875 ita
527 4772 759 4845 attenuatum
794 4793 896 4866 esse,
934 4776 978 4844 ut
1009 4794 1132 4870 paene
1166 4768 1375 4864 desineret,
1415 4774 1470 4845 sic
1502 4773 1547 4845 ut
1577 4775 1658 4844 tota
1688 4769 1770 4846 lere
1804 4769 1977 4871 digestio'
1996 4800 2020 4848 a
2046 4772 2132 4851 solo
2166 4805 2256 4857 ren-

445 4893 586 4970 tricnlo
614 4894 883 4995 intestinisque
909 4890 1087 4969 tenuibus
1114 4892 1374 4996 perficeretur.
1427 4896 1472 4968 lu
1494 4892 1555 4968 lris
1569 4896 1686 4995 igitur
1699 4891 1925 4971 animalibus
1940 4894 2106 4998 digestio
2121 4898 2257 4982 diurna

446 5017 670 5099 dominatur.
731 5019 804 5094 Cui
841 5020 899 5097 rei
931 5024 1229 5096 consentaneum
1261 5026 1338 5114 est,
1379 5015 1513 5095 borum
1547 5017 1763 5096 animalium
1795 5018 1960 5121 plurima
1991 5023 2173 5126 interdiu,
2214 5036 2259 5105 ut
