4830 6188
922 1184 932 1193 -
1062 1243 1345 1364 &plicatio
1377 1243 1583 1336 tabulae.

1220 1449 1433 1461 m

511 1599 584 1684 Fig.
610 1598 628 1666 1
654 1631 697 1649 ··
721 1598 742 1663 8
765 1595 1001 1684 experimento
1025 1595 1079 1664 13.
1103 1592 1330 1686 explicantur.
1354 1601 1414 1687 (p.
1436 1599 1516 1686 34.)

508 1715 585 1800 Fig.
608 1717 642 1783 9.
666 1710 886 1780 Ventriculus
915 1713 1030 1778 caviac
1054 1711 1205 1796 cohayae
1233 1735 1355 1780 recens
1383 1717 1495 1800 natue,
1524 1714 1584 1805 qui
1612 1713 1793 1781 ventriculi
1826 1717 2050 1786 mammalium
2078 1719 2237 1789 herbivo·

419 1852 537 1900 rorum
564 1853 717 1897 uormam
747 1831 1005 1918 repraesentare
1034 1831 1162 1918 potest.
1207 1828 1295 1894 Pars
1329 1831 1505 1919 superior,
1538 1830 1705 1898 minorem
1734 1836 1948 1901 curvaturam
1979 1837 2048 1925 (c)
2070 1837 2266 1922 relereum,

421 1921 522 2014 valde
551 1949 730 2012 contracta
758 1949 828 2030 est,
862 1944 914 2010 sic
937 1947 977 2011 ut
998 1941 1218 2031 oesoplmgus
1242 1944 1309 2033 (a)
1334 1943 1378 2010 ud
1400 1945 1561 2035 pylorum
1585 1946 1657 2036 (h)
1680 1969 1800 2037 prope·
1815 1947 1976 2036 accedat,
2010 1958 2130 2018 contra
2155 1976 2237 2019 vero

422 2087 504 2154 pars
526 2061 671 2146 ipierior
693 2064 910 2127 curvaturam
934 2058 1096 2145 majorem
1120 2057 1220 2149 (dd)
1245 2058 1412 2129 exhibens
1434 2061 1602 2130 latissime
1624 2063 1671 2129 sn
1687 2085 1851 2152 expansu,
1873 2067 1926 2134 sle
1948 2065 2125 2135 utluudua
2148 2067 2239 2135 ultra

422 2177 612 2268 oesophagi
639 2179 862 2245 insertionem
890 2177 926 2242 in
955 2174 1114 2242 dextrum
1140 2172 1232 2241 latus
1260 2178 1408 2243 maxime
1436 2179 1645 2267 porrigatur.
1690 2179 2239 2270 Comp.p.78-81etadde=

422 2293 600 2365 cuniculos
623 2315 691 2360 nou
716 2314 854 2360 vomere
876 2293 1008 2381 primus
1027 2289 1192 2359 Hilleield
1215 2292 1388 2360 invenisse
1411 2291 1559 2379 videtur,
1583 2297 1834 2386 (experimenta
1857 2297 2024 2386 quaedam
2042 2297 2086 2366 vla
2096 2302 2240 2367 venenis

423 2414 578 2497 Giitting.
604 2411 703 2480 1760.
726 2431 762 2499 p·
786 2407 849 2494 50)
872 2409 932 2498 qui
955 2406 1051 2475 hisco
1074 2407 1190 2475 verbis
1213 2431 1284 2475 rem
1308 2408 1584 2498 cumprehendita
1611 2410 1855 2479 »Memorabile
1879 2419 1914 2479 et
1935 2437 1954 2479 a
1977 2418 2111 2482 nemine
2135 2438 2241 2506 qnan-

421 2502 592 2596 tumbeio
616 2525 835 2591 observatum
858 2522 1119 2612 pbaeuomeuou
1141 2546 1185 2591 ex
1207 2525 1302 2594 hisce
1327 2526 1569 2614 experimentis
1593 2525 1718 2611 didici,
1744 2526 1923 2595 cuniculos
1945 2552 2013 2596 non
2036 2552 2210 2608 vomere«

512 2645 587 2730 llig.
612 2642 666 2711 10.
710 2638 931 2708 Ventriculus
959 2642 1056 2706 cauis
1082 2638 1193 2706 adulti
1224 2637 1363 2709 assiduo
1395 2639 1647 2729 vegetabilibus
1684 2643 1899 2710 nutrimentis
1922 2648 2117 2731 svmteutati,
2142 2647 2238 2733 cujus

423 2766 605 2832 curvatura
629 2754 738 2843 major
760 2756 916 2823 ciborum
939 2755 1030 2824 mole
1053 2760 1089 2823 ct
1111 2777 1207 2823 mora
1230 2755 1335 2825 solito
1358 2759 1467 2844 magis
1491 2779 1640 2846 expansa
1665 2763 1735 2843 est,
1773 2759 1825 2825 sic
1847 2764 1885 2826 ut
1907 2757 2035 2827 fundus
2058 2761 2241 2827 ventriculi

307 2852 318 2865 Δ
338 2901 362 2912 ”
422 2875 598 2971 paululum
625 2871 717 2941 ultra
746 2871 935 2962 oesophagi
958 2873 1026 2965 (a)
1048 2873 1272 2940 insertionem
1300 2872 1492 2964 productus
1525 2873 1573 2940 sit
1600 2878 1637 2939 et
1662 2874 1873 2941 ventriculus
1903 2872 1946 2942 cd
1980 2861 2243 2944 herbivororum
2291 2864 2294 2869 ¹

424 2998 568 3065 formam
591 2974 733 3058 inclinet
756 2993 791 3055 et
813 2988 887 3056 iere
911 2990 1167 3058 omnivororum
1190 2990 1341 3078 speciem
1365 2986 1526 3056 exhibeat
1548 2992 1607 3080 (ps
1632 2990 1711 3078 80.)

515 3109 590 3194 Fig.
614 3108 668 3176 11.
713 3104 935 3176 Ventriculus
958 3107 1054 3173 cauis
1076 3105 1255 3191 lactentis,
1279 3108 1338 3197 qui
1361 3128 1426 3195 pro
1450 3128 1568 3174 norma
1590 3103 1772 3174 ventriculi
1794 3105 2021 3174 mammalium
2044 3109 2244 3178 carnivoro-

426 3248 501 3296 rum
524 3222 644 3291 haberi
666 3224 793 3311 potest.
839 3223 1010 3311 Superior
1031 3245 1114 3312 pars
1139 3227 1335 3313 comparata
1360 3243 1436 3288 cum
1458 3222 1623 3288 inferiore
1648 3222 1758 3288 minus
1782 3208 1882 3313 quam
1905 3221 2245 3292 inherbiroriscou·

423 3314 538 3411 tracta
560 3342 631 3425 est,
653 3338 706 3405 sic
726 3341 767 3406 ut
789 3343 971 3406 curvatura
993 3341 1106 3407 minor
1130 3339 1199 3428 (c)
1225 3337 1434 3428 aliquantum
1447 3337 1687 3404 miuusbrevis
1700 3337 1967 3426 etoesophagus
1992 3340 2061 3430 (a)
2084 3338 2244 3428 apyloro

426 3459 500 3552 (b)
523 3454 707 3542 remotior,
729 3475 842 3544 neque
864 3453 991 3523 fundus
1013 3454 1104 3523 ultra
1128 3455 1359 3543 oesophagnm
1383 3451 1573 3542 productus
1595 3454 1643 3521 sit
1674 3459 1818 3542 propter
1847 3454 2012 3521 minorem
2040 3459 2246 3526 curvatura·

426 3573 567 3662 majoris
591 3573 845 3662 expansionem.
904 3550 919 3575 '

1176 3841 1507 3884 ...ι-ιο..-
