4830 6188
827 429 886 530 ,γ
992 355 1113 531 [aa

14 674 23 687 .
172 613 343 691 Alterum
366 602 598 704 cuniculum,
631 609 734 685 iutra
758 602 914 684 biduum
942 608 1002 683 ter
1026 604 1198 710 quotidie
1212 605 1350 684 'solani
1371 601 1546 689 tuberosi
1574 586 1711 680 tubere
1742 629 1820 680 uuo
1852 607 1992 685 minori

83 762 89 769 ·
171 741 344 841 pastum,
378 733 474 810 bora
499 733 592 836 post
617 730 789 817 ultimam
816 758 973 808 eoenam
1000 729 1133 833 elapsa
1156 731 1344 809 interfeoi.
1398 732 1443 806 lu
1472 727 1650 806 duodeno
1677 729 1853 832 (thymus,
1893 727 1991 807 alias

172 860 400 955 subaeidus,
428 855 615 933 neutralis
628 858 824 958 apparuit,
851 861 891 931 in
904 853 1054 959 reliquo
1067 858 1250 932 intestino
1269 849 1541 952 sloaleseebat3
1568 855 1661 956 quin
1675 852 1875 932 veliaeees
1889 853 1991 931 alos·

168 971 299 1070 liuam·
313 978 534 1061 referebant
559 979 738 1059 indolem.
792 979 880 1058 Alio
906 985 947 1056 iu
968 983 1235 1082 ‘experimento
1261 983 1384 1082 ipsius
1417 976 1583 1055 duodeni
1611 980 1801 1079 congesta
1833 976 1989 1058 alcaliee

266 1107 394 1187 ebant.
763 1158 769 1167 -
1775 1170 1778 1176 ,

171 1137 265 1214 10³3
306 1216 554 1311 Reaetionem
591 1228 737 1311 acidam
769 1255 840 1331 per
879 1255 1012 1304 omues
1051 1225 1135 1304 tubi
1170 1226 1402 1305 intestiuulis
1441 1231 1572 1331 partes
1605 1230 1742 1306 vietum
1780 1225 1988 1330 largiorem

152 1342 409 1465 Tporrlgsndo
441 1358 482 1432 iu
515 1352 700 1441 euuieub‘s
732 1351 947 1453 producere
979 1378 1058 1428 non
1091 1355 1218 1454 potui,
1257 1356 1399 1455 quippe
1431 1380 1528 1457 quae
1560 1344 1738 1430 animalia
1774 1354 1988 1432 satietatem

170 1489 285 1562 uasta
320 1506 390 1586 per
426 1479 574 1581 aliquot
612 1478 728 1555 boras
754 1505 779 1552 a
811 1473 908 1553 cibis
945 1473 1141 1554 abstinero
1173 1472 1335 1553 soleant
1395 1478 1677 1581 Nonnunquam
1714 1483 1831 1576 enim,
1873 1479 1998 1580 pastu¹

170 1608 335 1712 pleniori
360 1604 503 1680 diutius
530 1605 770 1707 continuato,
800 1605 903 1695 eirea
919 1600 1023 1678 illins
1038 1599 1151 1678 tinem
1165 1595 1275 1676 eibos
1289 1602 1448 1679 neutros
1461 1606 1600 1678 iuveni.
1654 1605 1881 1680 Aeeseentia
1898 1600 1987 1680 iude
2110 1664 2131 1698 Ι,

171 1727 428 1810 areutrieulo
456 1724 505 1804 sd
519 1722 581 1803 bis
595 1728 747 1803 tertiam
764 1729 912 1827 partem
925 1723 1219 1828 porrigebatur,
1248 1731 1287 1801 et
1312 1729 1435 1821 cosei,
1464 1724 1539 1802 ooli
1554 1729 1701 1805 etreeti
1713 1725 1987 1829 iugestsaeide

88 1878 91 1883 ’
171 1850 382 1958 magabant
412 1855 467 1931 ita
492 1852 536 1928 nt
560 1853 722 1953 propius
748 1851 800 1928 ud
825 1853 1077 1929 arescentium
1103 1847 1358 1928 universalem
1384 1848 1623 1928 secederent.
1753 1949 1757 1957 g

928 2098 993 2166 Be
1023 2101 1134 2167 erim.
1168 2098 1233 2169 18·-
1385 2108 1387 2113 ’

302 2169 430 2305 canes
444 2228 499 2338 et
523 2226 619 2304 seles
647 2226 795 2303 facilius
828 2122 1066 2304 immodiebm
1092 2221 1265 2307 ciborum
1278 2225 1417 2323 molem
1436 2231 1656 2305 continuam
1676 2190 1784 2305 inse
1810 2232 1985 2330 ingurgi·

45 2366 49 2375 '
166 2357 267 2447 taut,
309 2378 426 2457 quare
458 2356 498 2427 iu
531 2380 662 2454 eorum
696 2349 790 2428 tubo
823 2350 1033 2430 intestiuali
1064 2350 1126 2430 vel
1158 2353 1375 2479 aeeseentia
1406 2348 1467 2428 rel
1498 2349 1768 2430 elesleseentia
1794 2355 1985 2458 exquisita

165 2506 239 2582 pro
265 2476 425 2555 arbitrio
452 2478 583 2579 potest
608 2476 782 2579 produci.

300 2605 463 2698 Canem,
489 2607 553 2678 oui
579 2604 671 2704 post
696 2600 885 2679 modicum
912 2599 1290 2702 pastumdnodaoim
1317 2625 1388 2702 par
1412 2599 1530 2677 boras
1543 2599 1636 2679 nibil
1656 2597 1826 2681 oblatum
1844 2601 1984 2699 fluerat,

164 2727 351 2809 interfeci.
405 2728 548 2803 Totum
573 2729 794 2804 intestinum
821 2729 954 2823 tenue,
982 2720 1148 2827 exeepto
1173 2724 1238 2804 ilai
1265 2725 1360 2822 fine,
1386 2729 1427 2802 in
1454 2751 1532 2830 quo
1559 2730 1686 2804 earnis
1712 2727 1855 2833 aliquid
1873 2754 1983 2830 repo-
2097 2808 2110 2819 ‚

163 2851 353 2949 debatur,
381 2847 554 2952 ciborum
580 2855 692 2927 inane
719 2854 759 2927 et
786 2852 956 2929 humoris
983 2852 1137 2954 plenum
1163 2849 1253 2947 fuit,
1282 2853 1346 2954 qui
1373 2853 1414 2927 et
1439 2839 1607 2928 colorem
1633 2855 1673 2928 et
1699 2850 1865 2930 indolem
1891 2849 1983 2931 bilis
2073 2904 2075 2906 -

30 3021 35 3027 -
166 2984 337 3056 sincerae
364 3002 458 3077 prae
486 3001 529 3052 se
556 2973 653 3050 tulit.
709 2974 853 3051 Charta
883 2972 1002 3053 rubra
1026 2980 1067 3052 iu
1098 2980 1183 3053 toto
1215 2971 1311 3052 tubo
1344 3002 1415 3075 per
1447 2974 1725 3077 longitudinem
1754 2979 1877 3054 ineiso
1897 2973 1983 3082 jam

148 3089 188 3179 'a
201 3101 379 3183 duodeno
392 3099 574 3177 iudanon
589 3125 700 3176 seeus
715 3105 828 3202 atque
846 3102 886 3173 iu
901 3125 1006 3210 mera
1017 3095 1413 3199 bile'eaeruleseebat3
1433 3126 1556 3202 nsque
1570 3105 1695 3223 miuus
1709 3106 1815 3181 ooeoi
1828 3104 1983 3205 ingesta

160 3231 204 3311 ¹et
228 3225 357 3303 faeces
383 3223 586 3301 aleelinam
612 3225 843 3300 renationem
869 3218 1138 3303 ostendebant.
1190 3222 1362 3301 Alterum
1389 3223 1492 3326 apud
1520 3253 1670 3324 canem,
1703 3225 1837 3306 eodem
1864 3226 1981 3306 modo

162 3352 333 3452 pastum,
374 3348 444 3426 sed
475 3350 568 3451 post
600 3345 696 3424 duas
729 3346 877 3425 demum
910 3345 1027 3424 boras
1054 3352 1241 3445 oeeisnm,
1285 3351 1326 3425 in
1358 3346 1513 3425 dimidio
1551 3350 1617 3430 ilai
1654 3351 1828 3433 inferiori
1859 3348 1981 3431 librae

144 3497 325 3557 ,carneae
362 3469 464 3550 band
503 3472 672 3549 mutatae
712 3476 774 3550 sui
810 3471 954 3550 eoloris
992 3468 1302 3589 inveniebantur,
1336 3468 1476 3577 quibus
1516 3473 1649 3553 charla
1688 3473 1807 3555 mbra
1845 3474 1980 3554 leviter
2144 3500 2148 3505 ·

162 3592 467 3699 eaeruleseebat3
519 3601 560 3675 in
602 3596 761 3700 reliquis
798 3592 881 3672 tubi
916 3595 1146 3675 intestiualis
1184 3593 1359 3698 partibus
1400 3600 1545 3676 reaotio
1591 3600 1701 3678 aeida
1745 3599 1979 3680 animadver-
2001 3641 2028 3709 χ

65 3753 67 3757 ’
162 3717 331 3799 tebstnr.

295 3846 343 3924 ln
370 3871 465 3921 saus
489 3848 615 3959 autem
643 3844 878 3953 digestione,
921 3843 1045 3951 ebymi
1077 3840 1186 3923 color
1217 3849 1258 3923 in
1286 3845 1465 3926 duodeno
1498 3844 1645 3927 laetans
1677 3851 1745 3927 ant
1776 3846 1979 3931 ulbooaue-

163 3997 277 4050 soens
305 3966 619 4071 deprehenditur,
646 3969 828 4070 paulatim
853 3996 946 4050 vero
972 3975 1014 4051 iu
1040 3967 1235 4070 llaridum,
1275 3973 1355 4050 tum
1381 3975 1423 4049 in
1449 3971 1598 4051 fimonm
1625 3969 1724 4070 abit,
1764 3979 1830 4079 qui
1854 4002 1976 4081 nsque

162 4097 210 4173 ad
236 4093 302 4173 ilai
328 4093 441 4174 tinem
470 4088 707 4175 observatur.
1346 4096 1349 4101 ’

922 4341 1129 4432 Expertus.
1163 4343 1218 4414 19.

294 4468 411 4545 Ratio
437 4469 564 4545 eutem
591 4468 721 4549 saldae
748 4471 789 4547 et
814 4467 997 4548 alcslinae
1023 4470 1166 4549 indolis
1190 4474 1232 4551 iu
1259 4468 1421 4550 diversis
1438 4473 1611 4550 intestini
1629 4467 1806 4578 partibus
1820 4501 1870 4553 ex
1882 4479 1976 4554 tem·
2072 4575 2079 4584 ι

159 4620 255 4698 pore
297 4597 409 4671 etiam
449 4599 541 4694 post
579 4598 729 4694 pastum
757 4593 890 4699 elapso
918 4596 958 4673 et
984 4621 1035 4672 ex
1062 4595 1291 4699 digestionis
1330 4598 1371 4672 iu
1410 4594 1622 4674 ventriculo
1663 4596 1789 4701 gradu
1818 4598 1975 4703 pendet.

160 4716 315 4813 Quodsi
341 4721 440 4825 euim
467 4720 560 4820 post
586 4735 745 4796 coenam
769 4718 978 4824 largiorem
1006 4745 1138 4797 omnes
1166 4715 1242 4797 eibi
1269 4718 1370 4798 acidi
1401 4721 1451 4799 sd
1483 4724 1705 4801 intestinum
1737 4723 1975 4802 eommodum
2037 4713 2039 4717 ¹
2186 4716 2193 4739 ⁸

56 4886 63 4892 -
157 4845 409 4938 transierunt,
436 4844 582 4921 reaotio
610 4867 727 4944 saepe
742 4842 917 4932 adfinem
934 4871 1058 4951 usqne
1078 4844 1143 4924 ilei
1160 4842 1271 4924 aeide
1290 4872 1378 4925 esse
1397 4846 1511 4926 solet.
1565 4846 1724 4954 Aliquot
1749 4849 1976 4941 verebaris

158 4969 272 5064 strete,¹
306 4964 394 5045 dum
435 4966 559 5079 major
598 4965 723 5078 ebymi
760 4993 853 5073 pars
892 4975 933 5051 in
972 4967 1185 5054 ventriculo
1224 4974 1420 5073 versatur,
1446 4972 1498 5054 ‘et
1535 4971 1644 5053 boris
1684 4971 1832 5078 aliquot
1869 4977 1975 5080 post,
