4808 6186
738 1342 1449 1562 ιιιΔιιπιιιο.
1553 1553 1556 1559 ,

225 1935 583 2094 Quemadmodum
611 1998 761 2072 veteres
790 1993 863 2070 diis
899 1991 1150 2070 hecatomben
1183 1952 1309 2071 lacere
1345 1988 1539 2090 solebant,
1574 1999 1617 2071 ut
1643 2002 1710 2072 aut
1736 2003 1811 2099 ipsi
1837 2000 1915 2076 illis
1950 1984 2039 2103 gr'a-
2151 2081 2154 2085 ,

220 2144 322 2218 tiam‘
337 2136 542 2217 redderent
569 2142 637 2221 aut
662 2114 887 2237 haruspices
914 2158 965 2209 ex
991 2129 1125 2248 habitu
1152 2137 1330 2213 extorum
1355 2133 1416 2213 vel
1440 2162 1631 2239 prospera
1657 2139 1716 2216 vel
1743 2140 1903 2218 adversa
1928 2173 2040 2247 prae·

222 2282 464 2379 nunciarent,
492 2246 546 2356 ita
573 2282 717 2357 nostris
744 2273 985 2380 temporibus
1011 2273 1147 2353 medici
1172 2275 1396 2380 physiologi
1428 2277 1672 2356 humanitatis
1706 2309 1823 2360 causa
1855 2292 2040 2386 pauciora

223 2423 436 2502 animalia·
424 2451 463 2527 ru
492 2451 577 2500 cum
604 2423 718 2500 tinem
746 2422 1045 2543 necant,ut1,n
1071 2445 1182 2494 usum
1211 2420 1250 2496 et
1274 2424 1492 2522 praesentis
1520 2431 1558 2497 et
1584 2421 1701 2499 futuri
1735 2429 1919 2530 temporis
1951 2458 2040 2533 pro·

158 2654 163 2660 ¹
224 2594 356 2642 cessus
384 2565 550 2643 hominis
577 2570 660 2644 sani
687 2563 827 2696 vitalis,
856 2570 921 2671 qui
948 2560 1050 2641 ab”
1025 2591 1073 2640 us
1100 2565 1140 2638 in
1167 2559 1330 2672 adversa
1356 2561 1569 2642 valetudine
1595 2563 1870 2669 gubernandus
1898 2573 1969 2668 cst,
1996 2575 2041 2651 il·

222 2678 419 2825 lustretur.
474 2676 561 2787 Diis
589 2686 716 2787 autem
741 2680 889 2785 hostias
909 2676 1162 2821 immolabant
1186 2706 1375 2785 veteres
1363 2712 1501 2811 ignari,
1530 2691 1720 2787 bominem
1739 2710 1865 2791 divino
1884 2721 2039 2815 numini,
2119 2723 2127 2825 ἰ

222 2856 297 2928 nisi
325 2851 524 2958 quaejam
552 2854 667 2928 antea
694 2818 743 2929 ab
772 2877 819 2927 eo
844 2818 1022 2954 proiecta
1047 2845 1337 2955 hominibusque
1366 2848 1508 2929 donata
1540 2856 1687 2948 essent,
1727 2880 1805 2929 non
1838 2883 1956 2957 possa
1985 2861 2041 2938 oi-

72 3036 78 3043 ·
222 2995 336 3072 ferre
392 2996 475 3072 Nos
503 3021 595 3072 vero
623 2993 800 3071 animalia
827 2997 1174 3097 experimentorum
1201 3020 1320 3069 causa
1345 2995 1511 3071 mactata
1548 2998 1659 3098 quasi
1685 2995 1787 3073 host
1758 2999 1833 3073 tras
1857 3001 2074 3086 mentales.

224 3138 409 3215 scientiae
434 3137 647 3234 ollerimus,
674 3135 854 3245 tollentes
883 3137 1034 3241 quidem
1063 3166 1084 3215 c
1112 3145 1260 3247 natura,
1293 3163 1392 3240 quae
1417 3135 1611 3217 hominum
1640 3166 1755 3215 causa
1783 3146 1914 3218 creata
1939 3156 2068 3242 sunt·

225 3280 293 3359 sed
319 3281 524 3359 reddentes
554 3279 663 3356 simul
693 3279 819 3355 divino
848 3286 992 3358 numini
1018 3284 1058 3355 in
1085 3280 1318 3357 intellectum
1347 3306 1531 3357 conversa
1559 3308 1628 3376 ea„
1651 3309 1747 3384 quae
1772 3310 1961 3387 corporea
1977 3285 2066 3366 ana'

223 3436 286 3502 tea
318 3419 610 3501 abstuleramus.
674 3423 915 3528 Quamquam
950 3427 1078 3526 igitur
1101 3420 1293 3512 veteribus
1326 3423 1549 3526 haruspices
1576 3423 1762 3528 (namque
1795 3433 1940 3530 primos
1973 3460 2041 3510 eos
2072 3489 2100 3499 -‹

225 3567 440 3642 animalium
468 3567 620 3641 interna
649 3592 796 3667 organa
824 3571 1055 3669 cognovisse
1082 3565 1322 3674 manifestum
1342 3551 1433 3666 est)
1461 3566 1739 3670 quodammodo
1774 3570 1905 3648 eadem
1932 3601 2042 3675 prae-

226 3711 422 3804 stiterunt,
465 3735 562 3813 quae
596 3711 754 3783 nostrae
787 3711 903 3784 aetati
930 3706 1066 3784 medici
1098 3707 1338 3812 physiologi,
1381 3711 1505 3784 tamen
1538 3713 1703 3785 manime
1731 3715 2042 3823 interutrosque

225 3847 427 3927 intercedit
454 3849 680 3926 dill'erentia.
735 3852 833 3925 Nam
860 3853 1030 3925 veterum
1057 3850 1281 3952 haruspices
1307 3878 1387 3926 non
1418 3852 1542 3925 minus
1571 3850 1720 3953 quidem
1749 3881 1861 3956 quam
1889 3859 2043 3963 physio-

224 3992 308 4095 logi
334 3994 542 4093 nuperrimi
569 3991 784 4067 animalium
811 3994 1014 4068 viventium
1040 3995 1223 4068 intestina
1241 3990 1613 4093 contemplabantur,
1640 3992 1708 4079 sed
1735 4000 1799 4097 qui
1817 3995 1899 4075 lieri
1917 4007 2044 4104 potuit

226 4137 270 4211 ut
311 4133 406 4209 solis
441 4109 619 4209 sensibus
653 4133 897 4210 considerata
927 4133 1140 4211 hostiarum
1168 4137 1259 4212 exta
1285 4139 1382 4211 riam
1410 4162 1454 4211 ac
1482 4137 1670 4210 rationem
1698 4138 1737 4211 iu
1765 4151 2043 4247 praenuncian-

228 4274 287 4352 dis
320 4271 437 4350 rebus
470 4276 609 4351 suturis
643 4272 878 4354 indicarent?
932 4280 1069 4354 Nonne
1104 4281 1231 4353 omnia
1263 4281 1367 4353 muta
1399 4305 1485 4355 esse
1518 4274 1756 4356 debuerunt?
1810 4283 1920 4361 Licet
1952 4315 2043 4366 vero
2110 4247 2117 4306 μ’

228 4445 307 4493 ιιοιι
335 4414 533 4493 credamus
560 4416 802 4521 haruspices,
842 4423 1024 4524 tanquam
1056 4420 1323 4518 fraudulentos
1350 4424 1389 4496 et
1417 4420 1638 4516 mendaces,
1678 4425 1855 4501 vaticinia
1887 4435 2042 4507 omnino

228 4559 449 4656 simulasse,
480 4561 608 4633 tamen
636 4559 718 4636 lieri
746 4589 824 4637 nou
850 4565 993 4664 potuit,
1028 4569 1118 4668 quin
1146 4569 1185 4638 in
1215 4566 1316 4641 extis
1343 4560 1591 4664 inspiciendis
1618 4570 1839 4667 praesagia,
1872 4574 2042 4671 ipsorum
2073 4660 2076 4669 .

228 4701 375 4779 inclusa
400 4697 640 4803 pectoribus,
669 4678 828 4781 fortuita
854 4710 893 4782 et
918 4708 1121 4785 temeraria
1146 4705 1350 4803 redderent
1377 4704 1625 4803 divinatione,
1652 4707 1711 4784 vel
1726 4716 1939 4787 commenta
1954 4682 2045 4816 pro·

228 4816 454 4921 nunciarent
488 4849 581 4957 sine,
602 4843 682 4919 ullo
716 4851 876 4961 rationis
917 4834 1147 4955 adjumento.
1208 4852 1380 4953 Namque
1412 4851 1451 4923 in
1492 4852 1654 4926 externo
1692 4854 1830 4926 intuitu
1868 4860 2043 4934 extorum

228 4985 335 5064 uulla
361 4991 491 5089 potest
518 5007 604 5065 esse
624 4993 744 5064 ratio.
802 4990 955 5083 Quodsi
983 4992 1251 5097 haruspicibus
1278 4997 1375 5093 ipsis
1404 4989 1451 5067 de
1471 4995 1633 5070 veritate
1665 4996 1927 5070 vaticiniorum
1956 5026 2045 5075 suo-

1133 5116 1141 5123 “
1601 5133 1620 5171 ο
