4830 6188
1026 429 1029 437 ’
1105 407 1136 505 l

213 617 333 694 tem
353 610 579 715 apparatum
601 599 847 710 praebuisse,
874 603 944 683 sad
967 603 1053 709 ejas
1074 601 1248 683 ordinem
1274 630 1320 682 ac
1345 600 1667 684 necessitudinem
1694 623 1774 679 non
1802 625 1891 680 asse
1917 598 2029 685 intel-
2137 568 2141 577 ⁸
2174 651 2179 664 ι

211 739 350 818 lectam
371 741 447 813 nisi
468 763 491 812 a
513 737 676 812 ratione.
733 728 852 823 Quod
876 729 1026 836 quidem
1048 757 1235 834 nusquam
1257 756 1336 804 non
1358 729 1508 806 accidit.
1561 730 1660 807 Nam
1675 731 1804 804 motus
1822 753 2028 832 corporum

43 915 47 923 ·
210 861 434 945 coelestium
460 860 726 964 phaenomena
745 856 829 962 jam
858 855 924 933 diu
950 859 1045 933 nota
1071 858 1198 952 erant,
1230 858 1433 958 antequam
1460 853 1545 958 ejus
1567 853 1677 955 leges
1699 881 1769 956 per
1790 852 2027 958 Kepplerunr

206 993 325 1094 atque
345 989 590 1066 Newtoninm
613 983 818 1087 indagatae
840 986 943 1059 sunt.
996 984 1057 1058 lta
1084 1007 1217 1058 omnes
1239 985 1407 1059 omniurn
1434 981 1648 1081 temporum
1676 978 1850 1056 bomines
1876 974 2026 1082 lapidas
2065 1007 2067 1011 ’

208 1140 291 1192 non
312 1115 511 1190 sustentas
527 1115 568 1188 in
587 1112 729 1185 terram
751 1105 888 1184 cadere
910 1106 1104 1203 viderunt,
1128 1104 1198 1183 sed
1219 1133 1332 1183 nemo
1360 1108 1448 1183 ante
1477 1102 1689 1183 Galilseum
1715 1107 1913 1205 temporis
1933 1130 2026 1208 qua·
2064 1094 2072 1115 ’
2100 1142 2106 1157 ·

208 1238 367 1318 drahns
392 1238 434 1316 id
470 1235 561 1312 fieri
586 1232 781 1335 cognovit.
841 1231 946 1308 ldens
978 1237 1019 1307 in
1055 1229 1301 1334 physiologia
1333 1231 1446 1308 valet.
1499 1232 1654 1310 Etenim
1682 1225 1903 1307 morborum
1938 1254 2036 1307 ntur·¹

69 1356 72 1361 ’
209 1391 281 1441 ros
303 1361 548 1440 allicientium
568 1359 828 1462 symptomata
841 1355 924 1462 jam
946 1354 1140 1434 veteribus
1163 1360 1257 1433 nota
1278 1359 1405 1453 erant,
1429 1356 1498 1434 sed
1519 1383 1653 1433 eorum
1674 1355 1802 1457 leges,
1831 1359 1946 1458 atque
1963 1379 2077 1457 or·-⁸
2165 1364 2179 1443 J

191 1489 336 1567 ’ἆίιιοω
362 1485 624 1588 generationis
660 1485 700 1561 et
732 1507 969 1584 progressus
1006 1474 1215 1560 recentiori
1245 1479 1393 1558 demum
1420 1484 1544 1558 aetate
1567 1508 1591 1557 a
1615 1476 1811 1572 callonia,
1846 1475 2048 1573 boberto,
2194 1572 2196 1577 .
2297 1456 2305 1471 .
2379 1555 2383 1562 ,

160 1688 165 1697 Α
208 1612 400 1718 weyers,
415 1606 635 1686 Friederico
664 1605 898 1683 Hoffmanno
924 1608 1077 1684 ratione
1103 1606 1287 1708 indagata
1310 1611 1594 1708 cognorimus·
1630 1604 1699 1681 Sic
1722 1603 1869 1681 Galeno
1894 1600 2024 1685 cordia

209 1739 400 1816 sunam
420 1729 574 1810 abunde
595 1733 832 1828 innotuerat,
855 1727 924 1808 sed
947 1735 1149 1834 sanguinis
1172 1758 1241 1835 per
1262 1729 1358 1807 illud
1371 1734 1578 1835 'totumque
1601 1757 1744 1832 corpus
1771 1754 1924 1806 cursum
1945 1754 2024 1805 ma·

205 1861 402 1939 monicum
428 1860 628 1964 llarvayns
654 1855 783 1933 multis
812 1859 905 1958 post
926 1853 1090 1933 saeculis
1113 1884 1193 1933 non
1209 1859 1420 1933 asmcntus
1436 1858 1499 1934 est
1519 1860 1595 1933 nisi
1611 1883 1636 1932 a
1651 1858 1813 1932 ratione.
1866 1855 1919 1930 lit
1933 1879 2022 1941 rau,-

203 1983 332 2062 triculi
354 2010 508 2087 quoqne
530 1987 570 2063 et
589 1984 858 2059 intestinorum
880 1978 1064 2057 fabricam
1078 1980 1162 2086 jam
1184 1984 1438 2083 antiquissimi
1460 1980 1597 2057 medici
1612 1982 1815 2074 noverant,
1839 1977 1909 2056 sad
1931 2003 2023 2055 con·

204 2111 394 2185 coctionis
419 2111 593 2184 naturam
616 2109 729 2185 etiam
750 2133 852 2182 nunc
874 2106 1054 2206 superest
1074 2107 1119 2180 nt
1139 2108 1455 2207 pervestigamus.
1508 2106 1642 2209 Neque
1660 2130 1884 2209 quemquam
1900 2102 2021 2182 latera

202 2233 347 2336 potest,
369 2229 467 2308 banc
488 2236 613 2334 ipsam
633 2230 977 2332 perscrutationem
995 2255 1071 2304 usu
1086 2229 1237 2332 quidem
1259 2228 1344 2307 lieri
1365 2234 1406 2307 et
1422 2232 1670 2331 experientia,
1688 2225 1761 2305 sub
1773 2226 1842 2317 sed
1858 2230 2021 2307 rationis

202 2353 463 2434 tantummodo
475 2359 669 2459 auspiciis.
708 2354 825 2429 Ratio
837 2357 937 2429 eninr
954 2355 1026 2450 eat,
1045 2363 1121 2457 qna
1136 2381 1216 2430 non
1233 2354 1358 2432 solum
1376 2355 1509 2432 adres
1526 2352 1705 2432 sensibus
1721 2352 2019 2458 perscrutandas

200 2479 449 2574 attendimus,
485 2478 555 2556 sed
581 2478 714 2556 eidem
741 2505 880 2556 sensns
907 2482 1016 2581 ipsos
1043 2483 1083 2555 in
1112 2506 1234 2557 novas
1260 2507 1324 2558 res
1353 2480 1565 2584 dirigimus,
1593 2479 1698 2584 qnod
1717 2484 1758 2555 in
1774 2475 2026 2580 instituendis
2136 2473 2156 2539 Α
2187 2545 2194 2553 .

99 2696 104 2712 1
201 2606 491 2706 experimentis,
514 2632 635 2681 noras
656 2628 720 2680 res
743 2598 996 2700 eruentibus„
1013 2602 1247 2706 amplissime
1269 2609 1389 2708 patet.
1444 2608 1578 2710 Neque
1595 2633 1667 2708 par
1689 2603 1796 2691 solos
1813 2631 1953 2682 sensus
1968 2600 2044 2729 sd'⁸

198 2732 391 2808 internuln
412 2728 762 2830 phaenomenornm
783 2755 925 2807 nexum
947 2732 1149 2830 penetrare
1171 2729 1395 2832 possumus,
1424 2730 1609 2835 siquidem
1630 2730 1742 2833 leges
1764 2758 1898 2809 eorum
1913 2755 2018 2815 men·
2102 2752 2104 2756 ·

166 2862 170 2867 ’
200 2858 251 2930 tis
279 2851 519 2956 solummodo
541 2858 623 2930 acie
647 2853 1032 2954 comprehenduntur.
1086 2856 1236 2952 Novae,
1260 2882 1357 2959 quae
1374 2853 1553 2934 sensibus
1576 2854 1690 2952 fiunt,
1725 2852 2017 2935 observationes
2043 2842 2044 2845 Ἴ

199 3005 270 3081 per
293 3004 336 3054 ae
357 2977 501 3054 nullam
522 2975 669 3056 babent
688 2983 762 3055 rim
786 2981 901 3082 atque
923 2977 1055 3076 iidem,
1079 2983 1154 3055 nisi
1177 2978 1324 3057 ordinis
1346 2984 1460 3086 atque
1484 2980 1778 3060 necessitudinis
1804 2951 2015 3073 intellectui,
2048 2999 2054 3020 ¹

198 3129 312 3207 qnam
339 3106 489 3179 ratione
516 3106 768 3205 assequimur.
822 3103 1036 3181 Dicendum
1068 3108 1292 3206 igiturest,
1326 3134 1398 3209 per
1430 3109 1617 3183 rationem
1653 3131 1834 3182 sensuum
1868 3102 2021 3201 ducem,-
2130 3112 2133 3119 '

197 3227 248 3305 ad
269 3231 464 3304 veritatem
488 3232 528 3304 in
558 3226 806 3332 physiologia
832 3232 1039 3329 perveniri,
1071 3232 1187 3334 atquo
1215 3231 1453 3332 praeclarum
1483 3229 1579 3308 illud
1608 3229 1713 3308 Celsi
1741 3229 1900 3308 dictum:
1934 3238 2028 3311 nou‘
2066 3296 2069 3302 .

196 3355 289 3456 post
313 3355 501 3429 rationem
530 3351 755 3429 medicinam
783 3380 870 3431 osse
897 3355 1105 3451 inventam,
1145 3354 1215 3435 aad
1247 3359 1340 3458 post
1362 3359 1553 3433 iuventam
1575 3355 1798 3440 medicinam
1824 3358 2013 3464 rationem
2043 3459 2047 3465 Ι

68 3560 73 3573 ,
135 3509 138 3519 ·
195 3504 284 3554 essa
307 3480 536 3581 quaesitam,
560 3477 857 3555 convertendum
878 3481 1026 3579 potins,
1054 3504 1144 3556 nam
1172 3483 1256 3558 sine
1282 3484 1434 3583 ratione
1462 3481 1672 3559 medicinae
1700 3483 1861 3559 scientia
1884 3484 1924 3558 et
1945 3504 2012 3557 ars

42 3703 45 3709 ἱ
128 3577 132 3585 ’
196 3625 387 3702 uunquam
410 3606 515 3680 esset
535 3606 700 3680 inventa.

330 3723 430 3802 Sola
453 3731 574 3829 igitur
601 3729 783 3830 empirica
803 3725 1058 3804 remediorum
1093 3732 1289 3833 cognitiox
1308 3731 1476 3808 nondum
1494 3734 1569 3809 'est
1593 3730 1740 3809 medica
1767 3733 1943 3825 scientia,
1971 3735 2012 3806 at

194 3846 341 3925 medico
363 3840 538 3948 perfecto
560 3852 654 3931 nibil
677 3855 745 3930 ant
764 3877 855 3928 raro
878 3850 1056 3954 prodest,
1083 3856 1159 3929 nisi
1179 3834 1384 3958 perspecto
1407 3884 1606 3933 causarum
1629 3860 1669 3933 et
1695 3859 1859 3933 actionis
1879 3852 2020 3933 modo.-

195 3969 315 4064 Quod
331 3968 399 4048 nbi
416 4001 495 4050 non
513 3978 591 4072 est,
620 4003 735 4077 saepe
752 3975 1014 4054 laudatissima
1029 3977 1197 4056 remedia
1211 3980 1396 4057 medicum
1417 3981 1569 4058 fallunt.
1622 3986 1833 4060 Maximum
1856 3979 2007 4083 quidem

193 4094 401 4175 remedium
429 4103 566 4175 contra
598 4095 735 4176 febrim
762 4103 1072 4179 intermittentem
1114 4099 1298 4180 babemus
1332 4111 1512 4183 corticem
1547 4105 1693 4183 cbinae.
1752 4104 2008 4187 Nihilominus

48 4310 66 4333 l
192 4226 232 4298 in
257 4215 484 4324 quibusdam
508 4211 662 4301 casibus
691 4251 827 4327 parum
849 4225 944 4303 illud
965 4226 1144 4328 prodest,
1168 4232 1245 4304 imo
1263 4234 1393 4327 nocet,
1421 4234 1607 4333 imprimis
1623 4228 1691 4307 nbi
1708 4229 1878 4308 medicus
1892 4256 2004 4309 roras

191 4372 329 4422 cauam
351 4349 391 4423 et
413 4343 576 4423 effectus
599 4349 761 4427 idoneos
779 4376 858 4425 non
882 4355 1102 4454 perspiciat.
1157 4352 1303 4430 Eodem
1322 4355 1436 4434 modo
1459 4356 1724 4461 physiologia,
1759 4384 1834 4432 usu
1858 4359 2006 4433 tantm
2052 4359 2060 4372 '

25 4567 30 4583 Ι
108 4538 113 4545 .
189 4473 390 4573 percepta,
412 4470 559 4547 inutilis
582 4474 714 4552 estad
736 4474 958 4552 medicinam
982 4476 1247 4575 factitandum,
1275 4485 1529 4584 quippeqnae
1546 4486 1696 4560 ratione
1713 4483 1853 4578 careat,
1871 4505 2007 4557 secun·
2144 4556 2150 4563 .

14 4690 23 4701 ι
191 4593 280 4672 dom
295 4621 407 4700 quam
425 4622 491 4672 ars
508 4591 625 4674 debet
643 4605 829 4678 exerceri.
884 4602 989 4678 llaec
1007 4607 1106 4679 enirn
1123 4607 1222 4679 ratio
1245 4608 1285 4679 in
1302 4604 1489 4682 medendo
1508 4611 1542 4683 si
1563 4604 1683 4705 absit,
1711 4607 1897 4685 medicina
1911 4602 2005 4687 riht
2144 4604 2150 4621 '

190 4723 251 4796 est
264 4725 340 4797 nisi
355 4747 436 4819 ars,
455 4724 787 4804 scientiacnomen
800 4727 1114 4804 etauctoritatem
1124 4723 1343 4804 nonbabet.
1376 4729 1622 4810 llancautem
1632 4731 1807 4810 medendi
1818 4715 2006 4815 aanor·
2075 4794 2077 4798 »

188 4849 512 4946 ώιιαεωᾳιιὶιιιιιι·
521 4849 765 4951 niaicognito
778 4876 955 4928 sanarum
967 4854 1008 4929 et
1017 4847 1467 4957 morbosarumcorporis
1477 4857 1821 4936 actionumordine.
1848 4853 2026 4955 nuptia
2136 4876 2138 4881 ’

189 4967 310 5070 igitur
320 4966 367 5046 de
380 4995 496 5047 cansa
505 4978 690 5075 empirica
697 4971 899 5051 motbodus
908 4980 948 5053 ia
957 4977 1207 5085 physiologia
1215 5005 1293 5058 nou
1306 4977 1461 5076 sufficit,
1473 4988 1652 5084 primun,
1661 4979 1766 5086 qood
1775 4979 2004 5062 ritaebu'cfl·
