4830 6188
1177 417 1236 509 78

300 614 521 716 promittere
548 606 706 683 videtur.
759 607 858 682 Nam
885 609 925 682 iu
952 603 1130 686 omuibus
1161 605 1374 686 berbivoris
1406 613 1611 688 curvatura
1642 617 1766 691 minor
1797 612 1999 692 ventriculi
2029 613 2118 694 bre-

300 741 455 815 vissima
486 734 563 829 est,
596 736 649 809 ita
675 735 719 808 ut
745 757 791 808 os
819 730 1106 835 oesophageum
1123 806 1125 813 ,
1143 732 1281 836 pyloro
1319 741 1576 841 propinquum
1609 742 1677 834 sit,
1719 737 1860 815 fundus
1893 766 1984 817 vero
2019 738 2119 818 ultra
2188 764 2191 769 ·

302 857 515 960 oesophagi
542 859 789 933 insertionem
815 854 998 934 latissime
1025 861 1262 960 porrigatur.
1290 857 1388 959 (vid.
1415 864 1503 964 Fig.
1531 861 1595 963 9.)
1648 861 1829 940 Videmus
1862 863 2001 942 exinde
2035 893 2120 943 cur·

306 994 473 1063 1911999
490 980 672 1088 majorem
692 981 786 1078 (d),
814 1007 893 1058 999
912 980 1036 1058 solum
1047 982 1247 1059 ventriculi
1258 984 1433 1082 fundum,
1462 985 2006 1068 sedinrumiuantibustotum
2028 1018 2121 1094 quo·

303 1106 375 1217 que
409 1104 542 1185 rumen
581 1105 774 1211 amplecti,
812 1104 1113 1211 longissimeque
1141 1135 1228 1185 esse
1256 1111 1473 1205 extensam,
1506 1109 1695 1215 simulque
1721 1112 1894 1217 pylorica
1920 1115 2121 1193 ventriculi

305 1233 497 1342 11919111)
522 1235 773 1336 proportione
799 1224 1025 1319 brevissima
1053 1234 1226 1333 apparet.
1281 1235 1422 1311 Totius
1449 1234 1649 1312 ventriculi
1676 1235 1801 1342 forma
1829 1243 1953 1342 magis
1980 1239 2030 1318 ad
2058 1267 2121 1319 ro·

304 1361 459 1441 tundam
510 1357 668 1435 accedit.
749 1354 1018 1430 Verumtamen
1064 1359 1105 1431 in
1152 1361 1362 1435 carnivoris
1412 1358 1640 1436 animalibus
1692 1368 1948 1464 conspicimus
1990 1392 2123 1444 curva·

171 1598 175 1605 .
265 1514 269 1519 ’
304 1497 426 1567 turam
445 1487 629 1559 minorem
643 1479 764 1555 multo
778 1483 903 1580 magis
918 1481 1134 1599 9111999919,
1163 1480 1378 1584 oesophagi
1397 1487 1643 1562 insertionem
1659 1486 1767 1587 (a)a
1785 1488 1923 1593 pyloro
1942 1495 2123 1569 remotio-

304 1641 384 1691 rem
410 1614 450 1686 iu
477 1611 602 1710 ipsum
629 1602 827 1681 ventriculi
854 1576 1011 1680 l'vmdum
1030 1611 1247 1704 exceptam,
1275 1632 1399 1710 neque
1427 1610 1552 1685 minus
1579 1610 1735 1688 l'vmdum
1764 1617 2017 1717 proportione
2044 1640 2123 1691 ma·

304 1741 369 1843 gis
401 1733 653 1825 coarctatum,
681 1727 857 1833 pplorum
882 1754 974 1804 vcro
1002 1732 1125 1831 magis
1152 1729 1202 1805 ad
1229 1734 1410 1811 intestina
1436 1732 1682 1835 productum,
1711 1739 1916 1841 totumque
1935 1743 2125 1861 ventricu-

304 1862 389 1940 lum
410 1851 1094 1960 magiselcugatum.(Fig.10.et
1125 1856 1209 1954 11.)
1392 1862 1395 1869 '

440 1987 529 2060 «lam
556 2007 647 2056 vero
677 1984 729 2076 si,
757 1977 817 2053 bis
851 1977 1066 2079 explicatis,
1094 1977 1262 2057 indolem
1291 1985 1419 2059 motus
1450 1982 1720 2085 peristaltici'
1708 2013 1748 2063 ιιι
1780 1994 1944 2091 utroque
1972 1987 2125 2064 999191-

308 2114 484 2191 mationis
516 2102 715 2181 ventriculi
747 2127 890 2206 genere
920 2101 1222 2201 consideramus,
1257 2112 1432 2205 protinus
1460 2108 1703 2211 intelligitur,
1732 2136 1815 2187 eam
1843 2114 1883 2187 in
1911 2116 2123 2191 carnivoris

307 2246 422 2343 atque
448 2239 488 2309 iu
516 2226 729 2309 berbivoris
755 2223 982 2304 animalibus
1008 2226 1166 2305 multum
1194 2228 1365 2328 differre,
1399 2256 1626 2339 quamquam
1651 2239 1765 2337 vigor
1790 2238 1918 2313 motus
1945 2242 1985 2312 in
2011 2241 2126 2312 utris·

308 2389 381 2470 que
409 2356 543 2436 similis
571 2360 646 2430 991.
699 2355 752 2430 ut
778 2349 976 2429 ventriculi
1003 2350 1153 2455 quidem
1180 2360 1306 2432 motus
1333 2363 1544 2458 generatim
1572 2386 1622 2436 cx
1648 2358 1782 2437 iisdem
1798 2357 2124 2437 contractionibus

307 2496 346 2567 et
371 2476 675 2586 expensionibus
702 2476 860 2555 alteruis
888 2474 1144 2552 musculorum
1170 2481 1210 2554 iu
1238 2476 1516 2581 longitudinem
1544 2488 1658 2587 atque
1684 2489 1724 2560 in
1753 2480 1884 2559 orbem
1898 2488 2125 2587 positorum,

231 2677 235 2685 .
308 2609 449 2719 quibua
476 2609 602 2684 motus
629 2607 897 2703 intestinorum
922 2600 1182 2705 peristalticus
1208 2602 1270 2700 111,
1297 2605 1528 2707 repetendus
1555 2615 1632 2705 est,
1665 2635 1788 2712 neque
1817 2608 1894 2686 alia
1919 2614 2020 2689 iuter
2046 2624 2126 2687 mo·

308 2744 391 2823 tw
415 2725 981 2831 intestinorum'veutriculique
1004 2725 1207 2806 intercedit
1234 2727 1465 2827 differentia,
1499 2734 1574 2806 uisi
1601 2731 1705 2835 quod
1731 2737 1772 2809 in
1798 2737 2009 2832 intestinis,
2035 2762 2126 2838 pro-

309 2868 396 2968 pter
422 2884 581 2963 aequam
607 2852 774 2960 undique
800 2857 952 2945 tunicae
979 2851 1205 2937 muscularis
1218 2855 1531 2957 explicationem,
1558 2865 1685 2934 motus
1713 2885 1866 2962 quoque
1894 2887 2128 2964 quaquaver-

309 3016 394 3095 sum
415 3013 494 3091 ¹par
521 2989 599 3080 est3
625 2976 825 3061 ventriculi
848 2979 974 3055 autem
1001 2985 1127 3055 motus
1158 2977 1234 3057 boc
1265 2984 1463 3084 proprium
1497 2985 1574 3078 est,
1616 2983 1719 3087 quod
1746 2989 1873 3061 motus
1901 2987 2126 3063 curvaturae

310 3115 469 3193 minoris
496 3133 637 3210 parvus
664 3106 813 3211 tautum
838 3107 900 3180 est
925 3129 998 3206 pro
1030 3100 1235 3201 brevitate,
1277 3114 1502 3184 curvaturae
1529 3106 1687 3213 majoris
1713 3135 1807 3187 vern
1840 3114 2036 3187 maximus¹
2052 3136 2125 3212 pro

155 3288 162 3295 ·
311 3239 396 3345 ejus
422 3235 600 3335 longiore
628 3234 885 3331 expansione,
912 3229 1104 3311 9199119
1130 3226 1346 3309 berbivoris
1374 3234 1501 3311 motus
1530 3239 1753 3311 curvaturae
1779 3239 1940 3312 minoris
1967 3243 2128 3337 propter-

311 3362 562 3468 axiguitotem
589 3356 670 3435 1919
698 3381 776 3431 999
803 3353 1080 3455 comparandus
1107 3357 1159 3431 sit
1186 3382 1270 3433 cum
1292 3364 1398 3433 motu
1423 3359 1689 3457 patentissimo
1713 3367 1937 3437 curvaturae
1955 3357 2126 3465 majoris»

311 3494 478 3592 iia-qua
502 3512 546 3561 rc
570 3479 736 3581 intelligi
762 3483 910 3581 potest,
935 3477 1136 3556 ventriculi
1161 3489 1303 3558 motum
1330 3508 1378 3559 eo
1405 3487 1529 3586 magis
1555 3508 1580 3558 a
1601 3491 1707 3561 motu
1724 3483 1961 3585 peristaltico
1978 3472 2129 3565 1919911.-

312 3638 450 3695 mum
465 3607 650 3704 differre,
679 3633 755 3710 quo
782 3601 936 3682 brevior
963 3609 1166 3682 curvatura
1192 3610 1316 3685 miuor
1342 3615 1564 3718 comparata
1592 3634 1677 3685 cum
1703 3607 1849 3712 mq'ore
1866 3607 1953 3703 fiat,
1994 3613 2129 3700 999119

311 3765 403 3821 varo
430 3762 478 3815 eo
502 3733 726 3811 similiorem
753 3734 872 3809 motui
898 3728 1135 3832 peristaltico
1149 3734 1413 3815 intestinorum
1427 3729 1528 3828 fiori,
1552 3760 1628 3837 quo
1643 3739 1768 3835 magis
1786 3741 1987 3811 curvatura
2003 3737 2129 3809 minor

312 3870 353 3951 in
378 3858 662 3964 longitudinem
683 3858 922 3960 porrigatur,
950 3855 1137 3960 simulque
1162 3855 1323 3959 pylorus
1349 3860 1390 3933 iu
1407 3861 1578 3937 intestini
1594 3856 1755 3935 sormam
1773 3840 1988 3960 elongetur.
2029 3859 2128 3933 Nam

312 3988 473 4092 pplorus
484 3990 568 4086 ipse
579 3982 668 4061 iude
686 4009 736 4059 ex
747 4007 823 4085 qua
833 3983 946 4083 parta
958 3978 1093 4086 majori
1105 3983 1369 4058 contractione
1381 3982 1641 4079 musculorum
1652 3983 1892 4063 circularium
1905 3985 2128 4067 aveutricu·

107 4138 112 4145 ·
242 4130 246 4135 '
288 4188 290 4193 ,
314 4113 570 4212 199911919199
584 4107 656 4202 991,
677 4105 759 4193 lere
771 4104 940 4209 undique
952 4132 1083 4207 parem
1097 4102 1481 4185 babetmusculorum
1497 4107 1803 4211 explicationem,
1822 4113 1877 4185 ita
1888 4112 1932 4185 ut
1942 4107 2027 4213 ejus
2039 4133 2131 4183 con·

315 4237 493 4315 l'ormatio
519 4232 683 4336 indeque
711 4229 931 4332 dependens
959 4233 1084 4307 motus
1113 4229 1325 4308 simillimus
1351 4234 1402 4308 sit
1418 4236 1705 4310 instestiuorum
1721 4238 1840 4307 motui
1851 4233 2101 4334 peristaltico.
2194 4296 2198 4305 .

449 4361 520 4434 llis
553 4356 700 4433 demum
727 4353 930 4432 intellectis
956 4354 1203 4432 ventriculum
1231 4359 1338 4433 motu
1362 4355 1579 4433 uuilateroli
1603 4356 1817 4459 praeditum
1846 4386 1931 4435 csse
1957 4358 2129 4452 tlixerim,

316 4485 501 4591 siquidem
528 4472 717 4558 19199199
744 4485 910 4559 maxima
935 4505 986 4555 cx
1011 4483 1122 4580 parte
1149 4488 1352 4558 curvatura
1378 4479 1518 4587 majori
1542 4480 1754 4583 perficitur,
1796 4486 2016 4586 quiescente
2049 4483 2130 4558 1919

316 4613 465 4703 minori
501 4608 600 4691 Res
633 4610 746 4698 etiam
765 4604 978 4685 manifesta
1008 4608 1071 4689 est
1101 4604 1204 4683 bunc
1234 4613 1376 4693 motum
1413 4605 1677 4685 uuilateralem
1709 4612 2010 4724 patentissimum
2043 4634 2129 4684 esse

317 4743 357 4818 in
371 4729 599 4829 1911119119
624 4727 909 4833 animalibus,
896 4758 937 4811 ru
963 4734 1176 4827 earnivnris
1203 4758 1336 4828 1919,
1331 4735 1458 4834 prout
1484 4737 1687 4810 curvatura
1711 4729 2133 4827 911991-99991919199·

315 4861 606 4964 81111111111111
632 4882 795 4961 11101111·
805 4853 1018 4951 1111011111
1006 4883 1047 4943 ιιι
1063 4861 1234 4961 utraque
1258 4859 1465 4953 murratum
1491 4861 1711 5043 aequiorem
1729 4883 1781 4932 ac
1775 4861 1913 4949 1119191
1931 4859 2133 4999 191991199-

317 4983 658 5085 moraliorem
673 4981 770 5149 lieri·
1085 5028 1088 5033 -
