4808 6186
1043 462 1201 557 ,50

392 662 446 738 m
468 658 600 737 eadem
621 657 773 763 quidem
796 655 978 751 methodo
998 683 1111 762 quam
1130 660 1254 760 priori
1271 661 1535 760 experimento
1556 656 1762 761 descripsi,
1786 659 1913 767 chymi
1940 663 2091 740 acidum

261 812 285 863 a
312 785 524 863 ventriculo
554 811 708 883 canum,
736 783 887 881 felium,
918 782 1125 861 vitulorum
1151 760 1372 862 lactebtium
1404 791 1444 864 et
1469 809 1521 861 ex
1547 780 1919 865 mummolenum
1949 791 2093 875 ovium-

262 936 337 1015 que
364 914 404 989 et
430 939 452 989 e
481 907 697 989 ventriculo
725 909 989 987 cuniculorum
1015 934 1279 1014 equorumque
1312 907 1429 987 ioeno
1463 910 1665 1011 pastorum
1703 910 1979 1015 primunrlsali
2009 939 2093 1015 ear·

258 1032 403 1115 bonico
431 1037 621 1134 saturari,
648 1033 838 1140 liquorem
862 1031 953 1111 inde
978 1031 1122 1113 facum
1147 1031 1286 1115 tiltravi
1312 1035 1353 1112 et
1376 1036 1422 1113 ut
1447 1039 1773 1138 evaporareturin
1796 1031 1940 1119 balneo
1964 1063 2092 1146 aquae

260 1165 389 1265 posui.
442 1165 648 1268 Nunquam
674 1186 754 1239 nou
767 1161 951 1237 remansit
965 1157 1024 1236 sal
1038 1156 1088 1235 ad
1101 1167 1229 1236 airam
1244 1155 1442 1256 diffluens,
1472 1159 1577 1266 quod
1588 1166 1630 1238 in
1643 1165 1683 1237 in
1701 1165 1848 1264 exigna
1861 1188 1984 1268 aquae
1998 1191 2093 1266 por-

261 1289 368 1364 tione
402 1286 521 1384 solvi,
563 1286 771 1393 solutoque
803 1282 1058 1364 sufficientem
1096 1286 1344 1389 quantitatem
1376 1280 1477 1362 acidi
1515 1284 1766 1387 pbospborici
1805 1287 2006 1385 admiscui,
2047 1296 2094 1364 nt

262 1411 415 1491 acidum
442 1416 627 1490 aceticum
654 1418 920 1515 separaretur,
946 1419 1039 1487 tnnc
1066 1408 1311 1489 destillationi
1338 1408 1482 1517 sucjeei
1510 1412 1628 1515 atque
1654 1414 1695 1486 in
1722 1410 1839 1491 nullis
1853 1416 2094 1516 experimen·

263 1540 315 1615 tis
341 1536 492 1616 acidum
519 1534 684 1616 liberum
710 1541 753 1616 in
779 1537 915 1640 cbymo
943 1561 1129 1639 praeseus
1155 1561 1235 1612 non
1261 1540 1405 1637 accepi.
1457 1539 1505 1614 lu
1532 1533 1708 1637 plurimis
1734 1562 1826 1615 vero
1851 1541 2095 1639 experimen·

265 1665 316 1741 lis
327 1659 485 1740 adhibui
496 1661 646 1739 acidum
657 1667 749 1763 post
760 1659 1055 1739 destillationem
1071 1660 1196 1764 cbymi
1210 1686 1290 1738 uon
1302 1660 1456 1739 volatile
1468 1685 1671 1737 remanens
1682 1663 1726 1737 ut
1736 1644 1878 1745 certius
1894 1669 2000 1743 asset
2010 1689 2095 1739 non

263 1787 442 1895 antejam
454 1786 604 1863 acidum
615 1813 687 1888 per
698 1812 741 1863 se
752 1789 930 1887 protinus
946 1785 1101 1863 volatile
1117 1788 1324 1863 exstitisse.
1362 1787 1498 1890 Neque
1522 1791 1649 1863 minen
1665 1783 1880 1875 alium-,vidi
1900 1791 2100 1891 eventum,

267 1941 383 2019 qnam
392 1892 569 2017 cbymum
578 1916 771 1991 recentem
781 1909 998 1989 animalium
1012 1937 1130 2015 snpra
1142 1911 1329 1990 dictorum
1345 1916 1524 2011 protinus
1545 1914 1807 2014 experimento
1829 1914 2051 1993 numm.

1031 2162 1243 2253 Experiar.
1274 2164 1331 2233 39.

404 2270 567 2376 ltlar'rimi
600 2314 691 2367 vero
724 2290 906 2371 momenti
937 2292 1021 2375 est¹
1043 2295 1163 2387 scire,
1202 2288 1509 2396 ,cnjus‚‚naturae
1536 2292 1608 2385 sit
1632 2289 1781 2373 aeidum
1807 2288 1893 2367 bac.
1910 2287 2101 2369 methodo

269 2412 438 2494 elicitum
464 2420 504 2490 et
524 2438 797 2517 nonnunquam
819 2417 860 2490 iu
882 2408 1018 2518 chymri
1041 2418 1220 2516 protinus
1244 2413 1412 2493 obvium.
1464 2413 1509 2491 ld
1537 2418 1661 2495 autem
1689 2419 1730 2492 iu
1748 2442 1819 2497 ova
1833 2441 1954 2495 avena
1974 2420 2102 2517 ,pasta

269 2544 354 2619 siue
382 2535 500 2617 dubio
528 2562 580 2614 ex
605 2536 717 2614 acido
745 2541 913 2635 acetico,
941 2543 1118 2642 primitus
1144 2541 1289 2629 volatili
1299 2542 1340 2616 et
1356 2543 1397 2615 in
1422 2541 1571 2627 rumine
1599 2543 1816 2636 exsistenti,
1849 2543 1976 2619 ortum
2003 2567 2099 2619 esse

269 2665 394 2767 patet,
423 2689 513 2757 nec,
541 2658 646 2765 quod
671 2690 742 2764 per
769 2662 916 2741 acidum
937 2663 1246 2766 ,phospboricum
1262 2658 1295 2753 se
1322 2663 1400 2740 loli
1433 2665 1653 2765 separatam
1679 2663 1833 2747 volatile
1859 2668 1936 2760 est,
1965 2670 2099 2770 suspi-

270 2791 372 2867 cioni
400 2791 611 2890 repugnat,
652 2788 800 2867 acidum
828 2792 1012 2867 arcticum
1038 2787 1234 2892 paululum
1265 2792 1449 2867 mutatum
1483 2785 1661 2867 subesse.
1710 2792 1808 2869 Nam
1834 2788 1985 2867 acidum
2010 2819 2098 2869 mu-

269 2916 444 2993 riaticum
472 2939 494 2991 e
527 2908 733 3016 conjuncto
755 2912 843 2991 lali
887 2919 927 2989 in
961 2912 1089 2992 calore
1120 2940 1245 3019 aquae
1278 2916 1462 2993 ferventis
1502 2914 1754 3016 peraridum
1791 2913 2095 3017 pbosphorieuru

271 3067 350 3117 non
384 3045 606 3140 separatur,
632 3040 793 3140 propter
824 3035 1008 3144 majorem
1036 3038 1135 3133 acidi
1162 3043 1348 3119 muriatici
1376 3066 1461 3131 culn
1488 3040 1592 3129 Kali.
1605 3040 1840 3137 affinitatem,
1853 3068 1988 3147 neque
2015 3045 2094 3121 nisi

270 3171 310 3242 in
338 3163 467 3242 calore
495 3160 673 3241 candenti
698 3191 770 3269 per
795 3162 945 3241 acidum
971 3162 1271 3266 phosphoricum
1299 3164 1517 3267 expellitur.

407 3291 462 3367 Ut
501 3314 595 3365 vero
636 3287 735 3369 banc
773 3316 855 3367 rem
895 3292 1049 3390 penitus
1089 3317 1347 3388 recenserem,
1385 3295 1510 3393 primo
1544 3290 1692 3369 acidum
1706 3374 1710 3379 ,
1723 3289 1925 3373 reulrienli
1961 3294 2093 3374 inluso

272 3416 397 3521 chymi
435 3441 521 3491 cum
558 3443 658 3520 aqua
691 3415 854 3492 servanti
894 3410 1171 3491 examinabam.
1224 3414 1325 3503 lllud
1356 3444 1449 3494 vero
1477 3443 1532 3495 ex.
1558 3415 1694 3518 cbymo
1722 3415 1889 3495 cuniculi
1916 3423 2094 3520 gramine

204 3624 214 3632 ,
271 3543 406 3620 nutriti
432 3539 527 3617 baec
556 3539 675 3619 dabat
702 3542 828 3644 signa.
880 3541 1016 3643 Neque
1043 3536 1208 3625 calcaria
1233 3545 1449 3639 muriatica,
1476 3568 1600 3646 neque
1622 3538 1761 3645 baryia
1781 3545 1989 3621 muriatica.
2008 3572 2094 3625 earn

272 3662 464 3744 turbidam
496 3662 728 3761 reddebant,
770 3669 828 3742 sic
859 3670 914 3740 ut¹
934 3690 1056 3766 neque
1091 3663 1240 3741 acidum
1274 3666 1470 3744 oxalicum
1497 3694 1621 3770 neque
1653 3664 1803 3744 acidum
1829 3667 2095 3770 sulphuriounr

272 3790 608 3869 denunciarentur.
663 3789 852 3867 Tinctura
876 3786 1067 3891 gallarum
1094 3786 1314 3868 subinscam
1342 3791 1447 3870 dedit
1464 3790 1625 3895 liquoris
1639 3790 1965 3892 coagulationem,
1993 3823 2095 3902 qnae

271 3926 351 3992 tum
383 3919 425 3992 in
459 3912 628 3992 colorem
662 3940 824 4015 opacam
856 3910 998 3992 abibat.
1059 3914 1229 4018 Spiritus
1260 3920 1339 3994 vini
1370 3916 1558 4021 liquorem
1591 3915 1811 4018 congelavit
1841 3942 1888 3997 aa
1919 3945 2093 4003 crassum

272 4038 545 4145 paululumque
573 4064 737 4141 opacum
764 4039 945 4136 reddidit,
972 4042 1223 4142 inconspicua
1249 4041 1393 4119 coloris
1421 4042 1643 4118 mutatione.

407 4164 700 4271 ilydrargyrum
714 4164 961 4271 oxydulatum
976 4169 1152 4243 uitricum
1159 4193 1237 4244 non
1251 4170 1376 4245 minus
1390 4166 1577 4272 liquorem
1591 4167 1693 4245 bunc
1705 4166 1861 4268 gelavit,
1876 4171 1934 4245 sic
1946 4171 1990 4245 ut
2000 4196 2095 4247 con·

274 4287 497 4396 quassando
510 4295 551 4367 in
564 4317 732 4371 massam
744 4288 1013 4393 golatinosam,
1028 4319 1126 4396 quae
1141 4319 1225 4370 cnm
1240 4319 1340 4398 aqua
1354 4318 1433 4369 non
1447 4289 1815 4394 concorporabatur,
1828 4293 2092 4373 solidesceret.

272 4420 385 4521 Aqua
412 4414 501 4492 bnic
524 4415 657 4494 inlusa
682 4415 831 4511 tardius
857 4413 1108 4493 sedimentum
1133 4422 1304 4521 griseum
1317 4414 1522 4496 efficiebat.
1575 4422 1787 4518 Argentum
1807 4422 1985 4499 uitricum
2002 4426 2094 4496 coa·

272 4541 509 4645 gulatiouem
535 4565 584 4616 ac
610 4538 857 4621 sedimeutum
887 4538 1020 4638 dabat,
1049 4567 1126 4618 uon
1155 4540 1249 4619 illud
1277 4542 1428 4648 quidem
1454 4546 1494 4618 iu
1519 4539 1630 4617 acido
1654 4545 1812 4639 uitrico,
1839 4541 1953 4619 facile
1964 4550 2092 4623 umen

272 4670 313 4747 lu
341 4666 493 4772 liquore
519 4667 701 4744 ammonii
726 4671 887 4744 caustiei
914 4664 1091 4745 solubile.
1144 4672 1304 4757 Ferrum
1331 4670 1571 4744 muriaticum
1595 4665 1783 4771 liquorem
1809 4665 1964 4765 ssavum,
2001 4680 2094 4772 post

275 4794 549 4872 saturationem
575 4800 703 4869 autern
730 4817 816 4868 cum
842 4790 919 4868 lali
946 4788 1154 4870 carbonieo
1181 4796 1335 4873 austere
1361 4790 1520 4871 rubrum
1547 4787 1747 4869 reddebat.

408 4921 583 5023 Argento
616 4919 757 4994 uitrico
784 4913 986 5001 manifeste
1018 4917 1168 4993 acidum
1201 4923 1438 4997 muriaticam
1471 4913 1792 5013 denunciabatur,
1832 4919 1976 4996 ierrnm
2011 4946 2093 4999 rnu-

274 5046 447 5121 riaticum
485 5070 578 5124 vero
610 5040 759 5122 acidum
793 5044 976 5121 aceticum
1008 5041 1203 5122 indicavit.
1258 5042 1457 5151 Siquidem
1488 5047 1618 5123 inveni
1656 5041 1751 5121 illud
1789 5042 2092 5125 efficacissimum
