4830 6188
1178 412 1312 505 83'

435 608 508 685 llis
534 608 700 710 provisis
732 605 972 683 manifestum
1006 607 1079 711 erit
1109 613 1243 709 potum
1276 603 1420 682 cotl'eae
1446 599 1605 710 jejunio
1629 629 1740 682 manc
1774 606 1965 709 sumptum
1996 608 2117 688 multo

301 736 486 813 minorem
513 733 573 811 rel
598 732 679 810 iere
705 735 990 833 inconspicuam
1018 728 1161 808 babere
1187 756 1347 827 noxam,
1376 732 1516 833 qnippe
1545 731 1609 835 qni
1635 731 1716 807 tum
1744 728 1918 811 ciborum
1933 732 2116 837 digestio-

301 884 386 935 nem
413 884 491 931 non
517 861 644 958 possit
669 852 844 952 turbare,
859 853 943 941 ¹sed
970 854 1145 931 celeriter
1169 880 1240 956 per
1266 880 1388 930 vacua
1413 856 1596 929 intestina
1613 857 1784 934 transeat
1798 856 1847 932 ad
1861 864 2115 959 excrementa,
2239 944 2243 953 ,

300 979 436 1085 quibus
464 980 813 1081 nullum-damnum
841 978 891 1055 ab
920 1006 965 1056 co
993 979 1167 1054 insertur.

855 1222 943 1282 lictus
959 1219 1172 1303 '‘puistelficns
1163 1244 1191 1281 m
1212 1221 1265 1280 inlc
1266 1222 1378 1329 rioribm
1399 1219 1562 1281 animalibus.

434 1354 620 1433 Restat
600 1381 702 1459 Jam‚
740 1361 783 1430 ut
815 1319 982 1429 breuiter
1016 1378 1225 1454 exponam,
1259 1379 1309 1429 ex
1342 1379 1417 1467 qua
1449 1378 1564 1428 causa
1601 1342 1878 1478 amphibiorum
1912 1365 2025 1462 atque
2058 1364 2115 1461 pi·

247 1562 256 1571 ,
299 1482 419 1558 scium
446 1477 695 1574 ventriculus,
726 1480 895 1583 quamvis
924 1476 1009 1581 ojus
1038 1477 1289 1553 conformatio
1317 1503 1396 1552 non
1423 1480 1476 1551 ita
1504 1476 1606 1553 facta
1633 1482 1698 1573 sit,
1726 1488 1769 1554 ut
1795 1507 1865 1583 per
1891 1477 2113 1559 breuitatem
2161 1500 2172 1525 ¹

300 1607 524 1684 curvaturae
550 1607 709 1680 minoris
735 1602 954 1678 alimenta
943 1629 983 1676 m
1010 1629 1056 1678 co
1084 1605 1276 1698 retentor,
1303 1604 1430 1678 tamen
1457 1600 1710 1704 perlongum
1737 1606 1923 1705 temporis
1951 1612 2114 1709 spatium

225 1779 231 1785 -
273 1730 476 1807 ¹alimenta
503 1733 698 1808 continere
724 1729 862 1829 possit.
917 1725 1042 1830 Hujus
1069 1730 1125 1813 rei
1153 1753 1308 1802 causam
1341 1724 1454 1803 facile
1486 1726 1692 1829 intelliget,
1728 1734 1792 1831 qui
1824 1725 1923 1808 bene
1956 1759 2115 1835 perspe-

301 1861 398 1930 ctum
416 1851 557 1930 babeat
583 1858 726 1927 motum
751 1847 1024 1951 peristalticum
1052 1855 1172 1927 totius
1200 1850 1344 1926 canalis
1372 1849 1505 1926 cibarii
1532 1850 1667 1926 horum
1696 1853 1912 1930 animalium
1940 1854 2114 1935 tardissi-

297 2006 397 2056 mum
426 1985 464 2053 ct
491 1976 764 2054 debilissimum
792 2003 897 2069 csso,
924 1980 979 2050 ita
1005 1981 1048 2051 ut
1074 2004 1153 2069 non
1181 1971 1251 2051 sub
1280 1974 1414 2050 oculos
1443 1974 1555 2052 cadat
1572 1973 1800 2079 plurimique
1818 1982 1960 2053 motum
1976 1980 2113 2059 adesse

296 2225 408 2303 rendi
436 2230 702 2304 intestinorum
727 2224 935 2303 facrrltatis.
992 2224 1111 2317 Quod
1137 2231 1176 2301 in
1204 2228 1443 2328 superiorum
1473 2223 1645 2299 ordinum
1673 2223 1899 2302 animalibus
1928 2231 2043 2332 utque
2071 2232 2111 2305 in

297 2351 449 2427 bomine
481 2351 563 2428 t'ere
596 2378 673 2426 non
706 2349 878 2427 accidere
911 2358 1041 2451 potest
1072 2355 1147 2425 nisi
1174 2353 1283 2452 gravi
1311 2345 1463 2445 morbo,
1496 2331 1599 2424 nam„
1618 2351 1773 2449 vigente
1807 2348 1969 2457 assirluo‘
2004 2359 2112 2429 motu

297 2475 497 2554 ventriculi
523 2503 682 2552 necesso
710 2484 786 2570 cst,
815 2476 857 2549 ut
885 2473 960 2550 cibi
989 2481 1054 2550 aut
1081 2476 1391 2551 commorationis
1419 2498 1537 2550 causa
1564 2472 1922 2559 circumvolutentur
1936 2484 2001 2552 aut
2021 2504 2112 2580 pro-

296 2602 401 2676 tinus
427 2605 467 2676 in
493 2605 673 2677 intestina
700 2601 910 2678 transcant.
1461 2594 1469 2616 ’

809 2846 844 2914 b.
888 2846 1034 2913 ltintatio
1059 2845 1213 2912 ciborum
1236 2863 1424 2932 eorumque
1446 2838 1592 2909 indoleo.

837 2989 864 3047 1.
899 2987 1049 3046 secudum
1066 2987 1195 3046 diversam
1213 2981 1386 3068 praeparandi
1403 2981 1564 3043 methodum.

431 3100 544 3200 lpsoe
566 3124 657 3175 vero
686 3125 824 3175 carnes
851 3127 930 3174 non
958 3127 1090 3174 omnes
1119 3126 1238 3203 aeque
1266 3095 1378 3174 facile
1407 3093 1647 3198 digeruntur,
1676 3095 1746 3172 sed
1773 3095 1990 3175 discrimina
2016 3106 2111 3178 reci·

294 3227 421 3324 piunt,
451 3222 510 3299 ael
539 3223 743 3299 secundum
773 3223 833 3298 ‹ln
837 3252 923 3300 ersa
949 3222 1163 3301 animalium
1190 3248 1336 3325 genera
1362 3219 1421 3296 rel
1450 3216 1656 3297 secundnm
1685 3207 1855 3301 diversas
1881 3227 2032 3326 partes,
2060 3253 2111 3304 ex

296 3343 436 3450 quibus
465 3355 680 3442 sumuntur,
708 3346 767 3422 vel
795 3347 1049 3451 praeparandi
1077 3346 1269 3424 methodo.

281 3560 292 3573 „
428 3473 481 3548 m
506 3476 668 3573 primum
696 3469 847 3575 quidem
874 3475 1085 3549 memoratu
1113 3471 1269 3573 dignum
1298 3479 1358 3548 est
1390 3495 1539 3546 omnem
1571 3496 1723 3548 carnem
1757 3497 1883 3546 assam
1917 3424 2108 3551 difficilius

296 3618 409 3698 qnam
437 3596 576 3672 elixam
604 3595 745 3697 digeri,
774 3594 1005 3700 cnidumque
1031 3594 1190 3672 mediam
1219 3623 1305 3673 esse
1331 3596 1433 3670 inter
1459 3597 1658 3698 utramque
1690 3592 1799 3697 apud
1823 3594 2000 3673 animalia
2027 3625 2109 3673 car-

293 3722 445 3816 nixora,
487 3725 542 3796 sic
575 3721 618 3795 ut
651 3746 742 3794 caro
775 3728 957 3822 pereocta
989 3725 1155 3796 omnium
1188 3719 1363 3796 facillime
1397 3717 1606 3821 digeratur.
1662 3717 1760 3819 (vid.
1792 3721 1895 3821 Exp.
1932 3725 1967 3797 1.
2002 3726 2040 3800 2.
2069 3728 2107 3800 l.

294 3845 333 3919 6.
363 3843 459 3944 etc.)
515 3845 677 3919 Carnem
706 3847 831 3919 antem
860 3871 986 3921 assam
1015 3852 1201 3921 concocta
1229 3843 1419 3919 difficilem
1447 3870 1533 3920 esse
1560 3847 1861 3951 gravissimeque
1878 3843 1988 3944 ferri,
2016 3873 2108 3924 con-

293 3975 355 4043 tra
382 3967 639 4072 quotidianam
666 3972 890 4044 senteutiam
919 3997 1004 4047 csse
1033 3997 1151 4071 supra
1169 3967 1251 4072 jam
1265 3970 1406 4045 monui.
1460 3970 1585 4069 Igitur
1599 3968 1646 4044 ad
1662 3968 1986 4045 confirmationem
2001 3998 2107 4050 meae

294 4095 552 4191 experientiae
581 4091 873 4193 explicationem
906 4092 1020 4199 hujus
1054 4098 1110 4171 rei
1142 4090 1246 4169 illam
1277 4088 1408 4169 licebit
1438 4118 1752 4190 commemorare,
1791 4120 1943 4169 carnem
1979 4118 2105 4174 oseam

209 4214 214 4220 ’
293 4212 380 4289 ideo
414 4213 634 4291 difficillime
668 4213 808 4317 digeri,
852 4214 1094 4321 ‹paria‚fibrae
1128 4215 1212 4322 ejus
1246 4215 1481 4293 musculares
1513 4219 1553 4292 in
1587 4216 1772 4315 assando,
1799 4244 1870 4319 per
1900 4221 2104 4298 tostioncm

293 4340 431 4439 partim
457 4340 496 4412 in
525 4335 728 4415 carbonem
761 4341 946 4436 mutatae,
980 4340 1235 4437 induruerint,
1262 4320 1325 4418 ¹sic
1356 4344 1401 4416 nt
1426 4367 1497 4443 per
1524 4340 1799 4416 conlectionem
1826 4340 2018 4422 difficilius
2045 4375 2104 4423 se·

293 4470 476 4562 parentur
502 4464 615 4565 atquc
642 4473 733 4565 post
759 4467 881 4564 ipsam
908 4469 1188 4566 separationem
1214 4471 1254 4541 in
1281 4463 1492 4543 ventriculo
1519 4463 1600 4541 fere
1620 4463 1931 4580 non0solrantur,
1960 4467 2029 4544 sel
2046 4472 2103 4543 in·

276 4779 279 4783 Δ
416 4740 577 4798 verdtisterte
595 4742 664 4799 mein
681 4739 793 4813 ceum,
821 4742 869 4800 der
885 4741 991 4813 Kaira,
1017 4743 1065 4801 der
1082 4746 1132 4801 mir
1149 4746 1206 4801 eine
1225 4765 1288 4821 ganz
1311 4746 1401 4821 eigcue
1423 4745 1499 4802 triete
1522 4743 1670 4821 Stimmong
1692 4744 1755 4822 gab,
1786 4741 1930 4801 bemntlcro
1950 4747 1999 4804 mit
2019 4743 2100 4806 llilcb

416 4829 484 4886 uach
503 4829 599 4887 Tisclrc
617 4850 756 4908 generaco,
783 4828 938 4910 paralysim
955 4835 1039 4890 moine
1056 4832 1238 4911 Eingcweiula
1265 4831 1319 4889 ond
1336 4833 1424 4889 celrico
1443 4833 1499 4889 ilua
1517 4832 1679 4890 Fonlrticucn
1696 4830 1777 4908 rollig
1794 4830 1967 4902 aalmbeben,
1992 4854 2023 4893 ιο
2042 4834 2100 4894 daie

415 4917 459 4975 lcb
482 4917 591 4976 dcabelb
614 4920 700 4996 groloe
721 4919 946 4999 Retngrtigungen
968 4922 1104 5002 emplum,
1130 4920 1316 4997 olmc‘jedecb
1338 4921 1389 4978 ‹lcn
1411 4921 1562 4979 Entscblnia
1583 4942 1615 4978 ro
1636 4924 1709 4979 einer
1728 4918 1936 4996 rernflnbigeren
1957 4918 2102 4980 labanum

415 5004 503 5063 auen
520 5027 551 5064 m
568 5008 702 5067 kenne&
720 5043 755 5056 -
791 5006 921 5078 (Goetber
947 5011 1003 5067 Am
1021 5014 1132 5069 meinem
1149 5009 1240 5068 labeo
1259 5010 1320 5070 ΤΗ.
1338 5009 1372 5068 ll.
1399 5010 1512 5068 Werle.
1531 5008 1592 5068 Tbl.
1610 5008 1712 5078 XXV„
1735 5007 1764 5067 S.
1784 5009 1845 5066 182.
1865 5009 1942 5080 183.)

1508 5214 1511 5220 ¹
1596 5103 1677 5191 ιι·
