4830 6188
1299 411 1386 535 itt?

376 592 379 597 ’
432 552 510 695 vel
519 601 719 713 alcalienm
739 627 833 687 esse
857 608 979 713 99119
974 626 1284 713 cognoveram,
1295 598 1581 713 9111199999
1588 602 1680 685 bae
1688 606 1914 715 condicione
1940 637 2029 717 999
2024 614 2255 721 coagulari,

431 733 500 813 191
527 702 746 838 paullulum
766 732 892 807 serius
920 729 1065 825 19999,
1100 754 1258 837 quam
1239 730 1275 807 si
1300 729 1527 809 99119919
1542 731 1755 839 ventriculo
1783 693 2005 817 adfuisset

564 857 680 936 Nunc
711 851 865 963 quidem
896 857 1052 932 maximi
1082 856 1264 961 momenti
1294 855 1374 952 est,
1416 883 1586 969 quonam
1619 824 1792 965 9999119
1828 860 2028 977 centriculi
2061 832 2256 971 principio

430 954 493 1060 199
519 977 781 1087 coaguletur.
811 976 999 1058 Albnmen
1025 1005 1117 1087 vero
1144 981 1186 1057 in
1209 1005 1331 1057 causa
1354 1007 1437 1089 non
1461 1008 1550 1060 esse
1575 956 1735 1090 polest,
1750 1007 1852 1080 nam,
1880 988 1989 1090 quae
1998 1013 2045 1065 eo
2073 997 2255 1091 separata

431 1132 504 1213 pcr
542 1103 851 1215 coagulationem
894 1082 1081 1208 liquoris
1097 1107 1281 1180 remansit
1313 1103 1528 1211 9999,199
1551 1132 1630 1184 999
1661 1110 1787 1185 minus
1820 1109 2050 1215 coagulavit.
2101 1114 2255 1193 Deinde

431 1257 484 1313 cx
510 1255 578 1328 99,
606 1228 710 1333 9991
736 1256 837 1337 aqua
864 1227 1127 1337 destillatione
1144 1226 1260 1332 hujus
1283 1225 1451 1339 ¹liquoris
1478 1228 1604 1311 elicita
1630 1231 1805 1341 similiter
1832 1234 2138 1337 coagulationem
2172 1237 2255 1317 effi·

271 1472 276 1485 ι
359 1450 362 1455 ,
434 1358 505 1453 911,
545 1357 773 1460 principium
807 1351 977 1431 efficiens
1012 1379 1099 1431 9999
1130 1349 1283 1464 uolatile
1309 1354 1431 1456 patet.
1485 1355 1592 1432 llaec
1618 1381 1710 1432 vero
1737 1384 1838 1461 aqua
1865 1357 2088 1464 continebat
2113 1388 2255 1447 ammo-

432 1482 538 1557 nium
565 1482 802 1554 muriaticam
830 1484 945 1583 91999
971 1480 1199 1555 ammonium
1226 1482 1422 1593 99911999.
1450 1477 1782 1584 (9111111940.)
1832 1481 2108 1589 Experimento
2125 1488 2251 1563 tamen

435 1602 553 1681 allato
580 1599 708 1703 (Exp.
736 1605 802 1679 11.
831 1583 1223 1702 6.)demenstratur,
1264 1578 1492 1682 ammonium
1525 1608 1711 1698 99911999
1742 1631 1902 1711 purum.
1911 1606 1973 1683 199
1999 1634 2079 1686 999
2106 1635 2254 1715 congor

434 1726 539 1825 lere,
564 1732 701 1815 contra
726 1751 820 1802 vero
846 1752 918 1829 per
943 1732 1174 1839 ammonium
1197 1730 1434 1841 muriaticam
1460 1733 1563 1833 intra
1591 1733 1640 1810 12
1667 1729 1786 1808 horas
1801 1730 2038 1835 coagulari,
2046 1738 2103 1811 sic
2118 1741 2161 1809 91
2174 1758 2256 1809 cra

288 1923 292 1930 .
437 1851 611 1946 11199119,
639 1849 858 1955 adjumento
873 1853 1148 1963 principiorum
1176 1855 1447 1955 organicorum
1475 1880 1554 1935 non
1581 1832 1854 1956 separabilium
1879 1853 1992 1933 lactis
2019 1855 2277 1961 coagulatio.

402 2060 403 2064 J
435 2004 524 2058 nem
549 2002 620 2083 per
646 1979 875 2053 ammonium
901 1979 1139 2053 maniaticum
1165 1976 1262 2059 fieri·
1313 1979 1413 2054 Post
1438 1977 1745 2083 coagulationem
1773 2005 1865 2070 vero
1892 2006 2022 2057 serum
2045 1979 2158 2061 lactis
2177 2006 2260 2057 non

437 2107 562 2181 miuus
590 2126 704 2206 quam
731 2126 869 2180 caseus
895 2080 985 2178 1919
1011 2082 1196 2180 formatus
1223 2102 1402 2204 protinus
1428 2104 1589 2201 acescit,
1618 2104 1734 2209 91999
1760 2103 1876 2184 9999
1882 2082 2097 2181 arescentia
2124 2103 2259 2191 eadem

438 2254 536 2337 9999
560 2228 602 2303 19
628 2224 786 2329 reliquis
814 2222 910 2303 91919
937 2251 1024 2303 9999
1051 2223 1216 2322 viderur,
1244 2230 1301 2305 919
1328 2229 1522 2305 9199919
1549 2223 1659 2306 cibus
1685 2255 1757 2330 per
1782 2227 1944 2333 liquoris
1967 2256 2046 2304 non
2064 2227 2191 2305 acidi
2180 2253 2258 2303 rmo

304 2344 307 2353 ’
437 2378 554 2456 saepe
582 2348 736 2427 alcalini
762 2353 836 2427 rim
862 2352 903 2426 19
931 2349 1202 2454 odeationem
1228 2354 1400 2430 transeat
1425 2353 1541 2457 atque
1567 2356 1733 2431 acescat
1786 2352 1945 2431 191199
1972 2356 2091 2454 igitur
2118 2359 2177 2429 est
2204 2351 2261 2431 ef·

340 2508 344 2514 ·
439 2479 566 2585 199199
592 2499 718 2577 99999
734 2500 865 2553 causa
891 2471 1061 2551 efficiens
1087 2475 1296 2555 solutionis
1323 2473 1508 2553 ciborum.
1562 2481 1687 2583 Atque
1714 2473 1802 2552 ileo
1816 2473 1914 2553 -fieri
1946 2503 2025 2552 non
2051 2462 2174 2578 'posse
2187 2478 2259 2551 -ui-

439 2603 570 2697 detur,
596 2602 641 2676 ut
659 2597 814 2676 acidum
840 2601 1079 2677 muriaticam
1106 2597 1268 2681 liberum
1294 2604 1335 2677 in
1360 2599 1572 2679 ventriculo
1600 2603 1765 2697 oriatur,
1793 2603 1878 2676 999
1903 2599 2053 2676 acidum
2074 2604 2259 2703 aceticnm

440 2728 660 2821 necessario
689 2719 862 2801 ciberum
877 2721 1139 2803 elaboratione
1151 2713 1350 2831 gigantur.
1405 2722 1481 2804 Ubi
1509 2752 1599 2802 vero
1629 2722 1706 2803 9191
1724 2724 1808 2830 jam
1834 2751 2012 2804 acescere
2036 2732 2257 2827 coeperunt,

442 2847 693 2961 etymo-inde
720 2859 825 2946 orto,
854 2849 959 2928 velut
984 2850 1135 2949 fomite,
1161 2851 1311 2958 reliqua
1335 2847 1606 2947 incenduntur,
1634 2853 1690 2924 919
1716 2857 1759 2924 91
1778 2877 1823 2925 99
1843 2849 1995 2926 facilins
2013 2853 2137 2925 omnis
2150 2843 2259 2924 cibus

174 3018 177 3025 ·
282 3057 290 3075 ,
443 2980 616 3073 acescat,
664 3001 739 3077 qno
779 2971 931 3051 facilior
968 2978 1156 3077 99999919
1190 2979 1253 3052 911.
1318 2978 1549 3051 1199199919
1586 2975 1711 3050 99199
1750 2973 1860 3050 99119
1899 2979 2023 3074 ipsius
2061 2970 2262 3049 uentriculi

443 3127 653 3203 compages
680 3096 789 3174 99119
818 3095 1018 3196 imbuitur,
1059 3104 1116 3177 sic
1143 3102 1188 3178 ut
1213 3099 1281 3176 illa
1311 3103 1391 3197 tum
1423 3099 1516 3200 post
1540 3097 1748 3199 perfectam
1776 3103 1887 3175 etiam
1915 3124 2000 3174 cum
2028 3125 2128 3200 aqua
2151 3091 2263 3171 ablu·

442 3231 587 3321 119999
614 3225 741 3299 tamen
767 3221 1011 3302 9191991999
1023 3223 1207 3303 9919911.
1247 3223 1523 3331 Tandemrero
1537 3225 1629 3324 post
1647 3225 1814 3297 omnium
1834 3220 2036 3299 ciborum
2024 3250 2064 3299 m
2082 3225 2264 3298 intestina

228 3390 235 3405 ι
443 3351 648 3462 transitum
674 3345 944 3427 ¹ventriculus
931 3352 1057 3426 manis
1086 3352 1228 3455 sensim
1255 3346 1419 3437 acidum
1431 3372 1542 3423 snum
1571 3344 1746 3441 demittit,
1774 3348 1828 3420 ita
1852 3354 1895 3421 91
1921 3355 2011 3447 post
2029 3346 2176 3449 aliquot
2193 3345 2263 3421 bo·

444 3499 672 3555 rasrursns
699 3470 902 3551 alcalinam
927 3471 1093 3552 1919199
1122 3476 1306 3552 assumat.
1360 3442 1588 3574 (1119119).
1618 3470 1707 3570 56.)
1758 3473 1884 3574 Atque
1910 3469 1973 3547 919
2000 3470 2149 3574 991199
2166 3494 2263 3545 nnn·

447 3576 561 3713 99919
587 3622 667 3674 999
695 3604 755 3675 991
782 3572 979 3695 decursus,
1006 3626 1077 3704 per
1104 3626 1216 3704 quem
1243 3598 1409 3700 digestio
1438 3593 1649 3673 ciborum
1636 3623 1677 3671 m
1703 3593 1914 3672 ventriculo
1941 3591 2167 3672 absolvitur.

582 3723 688 3803 llaec
720 3724 940 3829 praeterea
955 3726 1073 3805 91199
1106 3719 1407 3828 comprobantur
1438 3721 1498 3798 bis
1531 3719 1818 3821 experimentis,
1857 3721 1899 3794 in
1937 3714 2074 3822 991999
2112 3715 2266 3795 diversa

448 3851 627 3951 alimenta
650 3873 730 3922 uno
737 3846 874 3948 pastu
901 3846 1014 3925 simul
1040 3846 1201 3927 canibus
1228 3850 1269 3925 et
1293 3843 1435 3924 1911999
1455 3842 1729 3954 praebueram,
1770 3867 1869 3948 9999
1900 3847 2040 3947 postea
2065 3840 2114 3917 91
2141 3841 2264 3920 diver·

302 4004 326 4031 ³
374 3960 377 3964 1
448 4001 517 4063 999
546 3970 695 4079 gradus
727 3974 978 4068 exacuerant,
1007 3976 1128 4075 prout
1159 3973 1219 4049 rel
1250 3971 1472 4048 valentioris
1505 3965 1576 4045 vel
1597 3964 1858 4046 imbecillioris
1884 3971 2064 4045 materiae
2094 3934 2263 4064 inomni,

448 4109 565 4208 atque
589 4095 650 4177 vel
676 4095 841 4173 leviores
866 4093 928 4173 vel
953 4099 1174 4198 graviores,
1200 4093 1304 4199 9991
1331 4092 1438 4170 99119
1465 4092 1580 4170 9919
1612 4096 1763 4175 ecculm
1800 4094 2084 4195 991919991μὶ
2115 4089 2265 4168 aeidum

449 4253 475 4305 a
501 4248 688 4325 compage
719 4219 919 4301 ventriculi
953 4222 1128 4299 exortum
1161 4218 1221 4297 cel
1254 4221 1493 4297 extrinsecus
1524 4217 1705 4324 injectum
1737 4220 1854 4295 esset.
1891 4212 1994 4316 (vid.
2025 4216 2128 4317 Exp.
2160 4220 2196 4293 1.
2225 4221 2265 4294 2.

449 4353 488 4430 3.
517 4352 565 4429 4.-
584 4351 622 4425 8.
653 4352 716 4431 10.
751 4350 797 4423 11
828 4354 867 4424 91
897 4326 984 4446 12'.)
1035 4346 1162 4448 Igitur
1187 4369 1279 4421 caro
1307 4339 1455 4421 bubula
1487 4341 1605 4440 elixa,
1644 4366 1741 4448 quae
1774 4344 1835 4419 est
1867 4347 2056 4418 99999919
2086 4337 2267 4419 facillima

430 4500 574 4580 neque
601 4475 727 4576 minus
754 4497 892 4549 caseus
923 4472 1104 4548 maxime
1120 4470 1233 4546 91199
1266 4468 1517 4565 exacuerant,
1555 4469 1668 4545 etiam
1699 4460 1749 4542 ab
1789 4462 2035 4545 interioribus
2075 4459 2266 4568 partibus,

451 4596 555 4719 9991
595 4596 688 4700 post
727 4595 995 4683 dissecticncm
1033 4588 1255 4698 apparebat.
1309 4594 1458 4671 Contra
1487 4617 1579 4669 vero
1616 4594 1741 4669 minus
1773 4589 1903 4670 1991119
1939 4588 2105 4695 frustula
2137 4594 2266 4667 carnis

453 4722 594 4813 crudae
624 4724 751 4809 minus
784 4721 897 4797 91199
932 4722 1132 4821 acuerant,
1169 4721 1322 4796 919199
1355 4715 1518 4825 1991999
1545 4721 1738 4811 assatura,
1771 4715 1989 4819 sumigium,
2021 4719 2182 4818 piscium
2208 4713 2288 4788 at?

453 4877 527 4972 999
553 4854 771 4928 9919999919
798 4869 953 4958 carnes,
992 4848 1046 4922 ita
1071 4852 1115 4922 91
1145 4842 1281 4921 borum
1308 4840 1474 4920 frustula
1504 4836 1554 4919 ab
1587 4838 1836 4920 interioribus
1868 4835 2041 4941 partibus
2072 4842 2269 4967 minimum
