4830 6188
1135 496 1188 569 Vl

243 683 321 784 lia)
347 687 386 777 11
411 677 585 782 pericula
609 675 876 778 praemonent,
915 696 994 749 uon
1027 665 1136 750 tibris
1162 670 1277 750 modo
1305 675 1502 778 extisque,
1536 677 1639 751 circa
1673 675 1777 781 qnod
1804 700 1944 780 magna
1971 704 2071 754 mor·

245 826 378 904 talium
407 823 535 925 portio
563 817 711 913 haeret,
747 815 817 892 scd
845 815 921 892 alia
954 814 1114 920 quadam
1149 815 1444 918 significatione.
1499 818 1639 893 Ruinis
1671 814 1959 897 imminentibus
1991 847 2073 896 mu·

247 968 345 1047 sculi
378 965 656 1067 praemigraut,
691 955 1503 1060 111111111111111111111111111111
1562 959 1687 1059 (11111.
1715 964 1793 1038 nat.
1820 964 1866 1041 L.
1888 964 1997 1039 vm.
2026 966 2071 1038 C.
2127 968 2132 977 '

248 1106 457 1206 XXVIII.)
486 1130 571 1180 cnm
599 1099 713 1208 hujus
740 1106 796 1180 rei
823 1099 929 1177 nulla
955 1104 1012 1177 sit'
1031 1097 1245 1203 probabilis
1271 1105 1386 1178 ratio.
1443 1100 1568 1199 Quid,
1611 1103 1713 1207 quod
1739 1130 1819 1181 uon
1844 1110 1972 1211 magis
1998 1133 2073 1182 nos

92 1340 95 1343 ,
249 1249 439 1331 rationale
466 1243 648 1370 babemus
677 1247 954 1346 argumentum,
983 1271 1059 1346 quo
1087 1241 1286 1345 probetur,
1314 1243 1517 1321 formulam
1535 1242 1718 1325 medicam
1737 1273 1787 1324 ex
1806 1247 2074 1327 diversissImis

239 1391 428 1498 ¹pomediis
457 1391 719 1492 compositam,
750 1413 847 1491 quae
875 1383 1058 1463 adversus
1084 1382 1260 1462 morbum
1289 1387 1712 1493 quendam'aliquaudo
1741 1417 1854 1493 opem
1869 1388 2006 1468 tulisse
2021 1389 2076 1467 di·

250 1544 379 1634 catur,
414 1558 565 1634 semper
591 1555 704 1632 opem
731 1529 894 1605 laturam
927 1555 1031 1626 esse,
1074 1532 1108 1605 si
1139 1528 1282 1605 nullam
1310 1529 1600 1632 intelligentiam
1628 1536 1874 1634 agnoscimus
1900 1530 2004 1609 modi
2032 1558 2077 1608 ac

251 1675 558 1772 necessitudinis,
590 1698 665 1778 qua
689 1670 964 1763 medicamenta
991 1675 1030 1748 in
1058 1668 1230 1747 morbum
1258 1680 1390 1776 agunt.
1444 1676 1583 1750 Nonne
1609 1673 1725 1773 tides,
1753 1702 1865 1780 quam
1884 1679 2078 1751 inenarra-

251 1824 323 1905 bili
350 1822 500 1900 dosium
530 1818 730 1919 exiguitati
759 1813 911 1918 quidam
938 1810 1100 1912 liabent,
1128 1819 1274 1916 pariter
1301 1823 1361 1893 111
1389 1800 1546 1893 mirilica
1574 1819 1688 1923 atque
1716 1845 1763 1894 ea
1790 1834 1903 1922 quam
1929 1823 2078 1894 veteres
2235 1806 2238 1815 ’

252 1965 471 2048 habuerunt
498 1957 695 2062 prodigio:
722 1961 855 2032 ruinas
883 1960 1077 2033 imminere
1105 1953 1171 2033 ubi
1198 1957 1360 2035 musculi
1388 1962 1647 2062 praemigrent
1673 1964 1713 2038 et
1739 1965 1870 2038 aranei
1889 1986 1973 2035 cum
1991 1961 2080 2039 telis

254 2112 367 2215 primi
381 2100 544 2182 cadant?
574 2100 656 2177 Sed
672 2096 918 2174 nihilominus
934 2094 1221 2175 increbrescere
1239 2103 1368 2200 coepit
1382 2106 1649 2203 empiricorum
1662 2070 1851 2181 sententia
1862 2105 2079 2206 pariterque

255 2263 295 2333 11
321 2247 459 2329 eruditi
484 2243 621 2321 medici
650 2245 689 2318 et
714 2239 830 2317 rudes
857 2239 1071 2340 iatraliptae
1097 2245 1138 2316 in
1165 2268 1248 2318 eam
1278 2269 1394 2318 cursu
1426 2241 1585 2340 vadunt,
1625 2250 1814 2323 rationem
1842 2272 1920 2322 non
1950 2247 2078 2354 quaeri

256 2391 412 2489 debere,
440 2384 506 2464 ubi
533 2386 770 2488 experientia
791 2381 903 2459 adsit.
996 2371 998 2375 ’

396 2537 530 2636 Itaque
556 2531 725 2623 ratione,
754 2551 831 2631 qua
857 2525 943 2601 sola
959 2524 1164 2627 iatraliptis
1192 2526 1418 2604 antecellere
1433 2525 1573 2605 debent
1585 2527 1721 2605 medici
1736 2525 1933 2632 empirici,
1951 2527 2082 2605 eadem

261 2707 348 2762 sesa
375 2677 490 2780 plane
519 2675 634 2776 atque
663 2668 710 2746 de
738 2668 929 2746 industria
955 2667 1155 2746 exsolvere
1182 2697 1250 2746 eos
1277 2651 1430 2746 minime
1457 2670 1593 2772 pudet,
1634 2698 1684 2750 ne
1718 2671 1955 2749 commodum
1983 2666 2083 2746 arbi-

260 2828 378 2904 trarie
405 2812 604 2896 factitandi
635 2814 857 2890 necessitati
882 2810 1141 2915 intelligenter
1167 2813 1310 2916 agendi
1338 2812 1568 2911 concedant,
1594 2813 1759 2919 ideoque
1783 2817 1927 2918 ignari,
1955 2839 2082 2890 veram

263 2969 359 3046 artis
385 2958 599 3042 libertatem
627 2961 666 3031 in
694 2954 890 3031 intellectu
918 2981 1004 3031 esse
1031 2960 1211 3058 positam,
1240 2983 1326 3042 eam
1352 2955 1438 3032 sola
1463 2958 1626 3032 rationis
1653 2959 1907 3061 impatientia,
1934 2959 2085 3033 irratio-

263 3109 343 3189 nali
369 3107 457 3183 usni
485 3109 524 3179 et
551 3103 808 3202 experientiae
836 3124 920 3172 cum
950 3123 1096 3174 summo
1124 3097 1352 3176 detrimento
1380 3104 1474 3174 artis
1502 3097 1682 3200 produnt.

400 3243 521 3340 Quod
549 3249 583 3319 si
609 3245 888 3317 meminerimus
915 3234 1118 3316 verborum
1145 3239 1297 3318 illorum
1314 3238 1626 3339 memorabilium,
1655 3269 1753 3349 quae
1768 3242 1965 3320 Gallorum
1980 3247 2084 3346 regis

268 3395 443 3474 minister
469 3390 692 3490 primarius,
727 3385 891 3459 Casimir
917 3385 1053 3460 Pericr
1085 3382 1275 3460 sacerdoti
1304 3385 1585 3461 contessionem
1614 3388 1817 3487 accipienti
1835 3383 2085 3462 moribundus
2232 3430 2255 3478 ·.

267 3539 382 3617 dixit:
443 3532 532 3608 »Se
561 3555 586 3603 a
610 3524 801 3603 medicis
830 3518 933 3603 csse
962 3532 1188 3603 occisum«
1220 3532 1398 3629 protinus
1426 3532 1588 3603 animum
1617 3532 1784 3631 stringit,
1813 3529 1917 3636 qnod
1946 3533 1991 3607 (t.
2009 3530 2087 3606 Pli-

267 3688 354 3758 nius
382 3673 513 3755 eadem
543 3670 589 3749 de
614 3698 658 3747 re
685 3674 889 3747 memoriae
916 3669 1089 3755 tradiditt
1149 3672 1256 3746 »Nec
1283 3666 1438 3746 dubium
1467 3674 1543 3766 est,
1586 3699 1718 3748 omnes
1745 3675 1843 3748 istos
1870 3670 2087 3773 (medicos)

268 3825 407 3902 lamam
435 3821 602 3895 novitate
631 3813 759 3916 aliqua
784 3816 1036 3916 aucupantes,
1076 3818 1248 3889 animas
1282 3815 1435 3889 statim
1469 3820 1656 3888 nostras
1689 3818 1939 3917 negotiari:
1983 3814 2087 3891 binc

269 3964 382 4042 illae
410 3967 533 4039 11111
560 3983 731 4058 aegros
759 3958 1314 4032 miseraeeententiarum
1342 3958 1738 4054 concertationes,
1766 3957 1873 4032 nullo
1887 3955 1985 4032 idem
2001 3985 2088 4032 cen·
2207 4001 2209 4005 2

271 4115 396 4203 sente,
438 4130 486 4179 uc
525 4100 699 4178 rideatur
740 4086 922 4174 accedere
964 4097 1092 4174 alteri:
1137 4097 1226 4175 hinc
1271 4096 1337 4173 illa
1384 4095 1546 4173 infelicis
1594 4100 1826 4174 monumenti
1868 4093 2087 4200 inscriptio:

271 4245 407 4328 turba
440 4272 488 4321 se
519 4243 794 4319 medicorum
827 4245 1046 4343 perisse«
1118 4240 1370 4350 »Medicoque
1401 4242 1547 4316 tanturm
1580 4240 1769 4316 hominem
1803 4240 1989 4319 occidisse
2021 4247 2088 4318 im·

272 4395 427 4495 punitas
455 4413 601 4464 summa
628 4388 726 4462 est«
786 4383 956 4483 (IIistor.
983 4384 1063 4460 nat.
1091 4385 1137 4461 L.
1164 4381 1316 4460 XXIX.
1346 4387 1392 4461 C.
1423 4384 1483 4483 1.)

407 4534 531 4634 lgitur
557 4538 698 4634 quanto
732 4526 873 4603 clarius
912 4525 980 4603 illa
1009 4527 1217 4603 medicinae
1251 4529 1452 4628 empiricae
1487 4523 1660 4601 condicio
1692 4524 1946 4627 intelligetur,
1979 4518 2089 4602 tanto
2217 4607 2219 4610 Α

274 4680 398 4781 magis
425 4676 693 4775 empiricorum
721 4670 952 4745 medicorum
981 4669 1093 4747 tidem
1122 4665 1253 4748 eodem
1281 4669 1409 4764 modo,
1438 4694 1513 4772 qno
1541 4676 1710 4746 veterum
1735 4667 1996 4768 haruspicum,
2023 4673 2091 4744 im·

206 4858 209 4863 ·
254 4804 461 4901 'minutum
489 4820 535 4892 iri
563 4840 721 4890 necesse
749 4816 824 4909 est,
867 4840 951 4889 cum
983 4817 1231 4918 utrorumque
1258 4821 1296 4889 11
1324 4809 1485 4887 consilia
1512 4809 1679 4887 attacta
1705 4809 1792 4886 sola
1823 4816 2091 4911 superstitione

276 4963 336 5041 vel
364 4958 587 5040 credulitate
614 4959 801 5052 nitantur,
834 4981 959 5060 neque
987 4953 1149 5034 dubitari
1176 4982 1294 5059 posse
1319 4953 1485 5055 videtur,
1520 4959 1610 5060 quin
1637 4954 1805 5031 modicos
1828 4952 1926 5031 tales
1944 4960 2092 5056 empiri-
