4830 6188
1238 384 1498 551 ,π’

438 653 572 727 miseni
599 656 711 753 atque
739 588 827 722 loeo
853 643 984 745 tepido
1013 643 1187 746 deposui.
1241 648 1318 722 vix
1345 645 1543 724 duodecim
1577 645 1684 724 horis
1717 647 1860 749 elapsis
1886 645 1949 724 lae
1977 650 2147 748 inspexi,
2189 674 2254 724 ve·¹

437 798 522 852 rum
548 773 632 880 jam
666 769 910 873 coagulatum
947 775 1092 867 iuveni,
1134 774 1190 847 sio
1222 773 1274 848 ut'
1297 777 1338 886 in
1370 770 1574 873 superficie
1612 776 1797 849 eremoris
1836 771 2000 849 eutieula
2032 781 2250 874 appareret,

438 898 581 977 eoloris
608 896 713 993 ilari,
742 922 853 999 quem
879 921 902 970 a
928 891 1006 987 hile
1032 899 1247 997 aeeeperat.
1302 896 1518 999 coagulum
1544 895 1678 994 molle,
1705 890 1829 1004 neque
1855 901 1949 999 post
1972 896 2251 976 laborasses

436 1027 646 1125 eouspicua
673 1025 787 1124 eopia
813 1023 994 1121 separata
1019 1018 1103 1097 luit.

569 1151 681 1224 Nune
708 1172 800 1223 vero
828 1148 1022 1246 cognitum
1051 1152 1126 1240 est,
1154 1143 1293 1220 ullralia
1318 1141 1528 1220 oarhoniea
1552 1144 1664 1223 lactis
1693 1146 2000 1249 coagulationem
2027 1173 2098 1249 per
2112 1147 2195 1240 dies
2214 1154 2253 1223 et

437 1268 695 1350 hebdomades
727 1269 927 1372 impedire,
966 1266 1027 1344 vel
1059 1267 1274 1364 retardare,
1313 1269 1525 1372 usquedum
1560 1277 1646 1345 orta
1677 1270 1815 1375 majori
1848 1271 1946 1347 acidi
1985 1275 2099 1373 eopia
2139 1271 2252 1348 uleali

438 1404 646 1475 saturatum
672 1396 799 1473 suerit.
853 1391 997 1471 Eadem
1029 1419 1095 1469 ros
1121 1394 1161 1468 in
1186 1389 1265 1469 hile
1292 1391 1411 1490 foret,
1453 1397 1487 1469 si
1520 1390 1604 1497 ejus
1642 1393 1933 1474 aloalescentiae
1966 1423 2083 1473 eausa
2115 1396 2165 1474 ah
2199 1397 2253 1472 al·

436 1521 514 1602 lali
539 1520 712 1600 minerali
738 1518 903 1624 quodam
930 1515 1136 1619 derlranda
1162 1523 1277 1594 esset.

1192 1691 1399 1781 Experiar.
1432 1692 1489 1762 07.

1128 1796 1268 1857 haidum
1293 1800 1442 1856 oleosum
1467 1795 1556 1857 hilis.

570 1897 779 1972 Praeterea
805 1894 918 1969 etiam
946 1891 1105 1969 aeidum·
1122 1891 1295 1970 oleosum
1321 1889 1413 1969 hilis
1447 1892 1669 1993 simpliciter
1694 1890 1810 1970 hilum
1841 1910 1979 1971 ‘reeens
2006 1898 2252 1998 inspissatam

439 2019 673 2100 exhaheudo
707 2017 861 2096 aethere
895 2016 1116 2119 sulphurico
1154 2020 1326 2119 separari
1359 2019 1502 2117 potest.
1564 2020 1827 2095 certissimum
1859 2045 1951 2095 vero
1984 2023 2062 2118 est,
2103 2021 2251 2099 acidum

439 2148 512 2224 hoe
539 2172 616 2222 non
643 2141 805 2222 liherum
832 2147 872 2219 in
898 2139 974 2219 hile
1002 2145 1207 2239 exsistere,
1250 2144 1391 2245 quippe
1424 2166 1524 2247 quae
1557 2150 1649 2219 tune
1675 2170 1753 2219 nou
1781 2142 1978 2221 alcalicam
2011 2145 2080 2223 sed
2106 2146 2252 2224 acidam

439 2278 568 2349 notem
596 2296 690 2373 prae
717 2295 760 2344 se
786 2268 889 2346 ferre
916 2265 1084 2345 deberet.
1138 2270 1309 2344 Necesse
1335 2269 1456 2370 igitur
1483 2270 1560 2365 est,
1587 2267 1735 2345 aeidum
1763 2267 1936 2346 oleosum
1964 2297 2049 2347 eum
2063 2274 2253 2373 principio

438 2395 603 2503 quodam
635 2392 796 2490 alealieo
828 2419 916 2470 esse
948 2382 1204 2497 eonjuhetum.
1259 2393 1307 2469 Sl
1337 2417 1423 2468 eum
1455 2390 1570 2470 allrali
1602 2394 1774 2472 minerali
1805 2393 1970 2500 quodam
2007 2394 2271 2500 conjunctum,

440 2525 562 2617 esset,
598 2525 655 2597 sie
681 2525 724 2596 ut
749 2516 811 2595 rel
837 2520 988 2594 nstrum
1015 2515 1076 2594 rel
1103 2516 1180 2594 lrsli
1206 2514 1380 2593 oleosum
1406 2523 1446 2594 iu
1473 2514 1553 2593 hile
1580 2522 1801 2617 exsisteret,
1828 2546 1906 2597 non
1933 2519 2017 2598 fieri
2043 2531 2191 2623 posset,
2210 2532 2253 2601 ut

302 2726 315 2745 ⁸
410 2645 574 2724 -aether
600 2643 843 2744 sulphuricus
870 2641 1093 2745 simpliciter
1119 2637 1235 2717 hilam
1263 2640 1500 2719 extrahendo
1528 2641 1627 2737 hane
1646 2641 1955 2748 conjunctionem
1968 2644 2151 2745 solveret,
2178 2654 2254 2726 ari·
2405 2722 2407 2733 .

440 2767 725 2876 dumqueehilo
736 2765 968 2863 amoliretur,
986 2765 1055 2844 sed
1067 2769 1258 2868 separatio
1271 2766 1438 2846 chemioa
1448 2770 1647 2870 utriusque
1658 2766 1833 2846 elementi
1844 2768 2073 2871 praecedere
2086 2770 2251 2853 deheret.
2345 2828 2348 2833 -

572 2897 645 2973 llio
682 2918 773 2969 vero
810 2918 938 2970 rerum
976 2894 1137 2969 eventus
1180 2891 1381 3001 verisimile
1421 2892 1548 2971 reddit
1584 2896 1697 2971 etiam
1740 2893 1938 2971 ulealieum
1976 2892 2066 2974 hilis
2111 2876 2252 2999 prinei·

350 3062 357 3075 ·
439 3025 560 3123 pium,
601 3017 704 3124 quod
737 3016 885 3096 aeidum
917 3015 1090 3094 oleosum
1122 3019 1261 3094 retinet
1291 3023 1330 3093 et
1350 3022 1530 3120 superat,
1564 3042 1651 3096 esse
1682 3015 1794 3096 hasin
1821 3023 2017 3121 propriam
2057 3022 2251 3100 alealieam

439 3144 489 3224 ah
516 3148 740 3248 organismo
768 3150 999 3244 coaptatam,
1040 3149 1153 3246 atque
1179 3140 1251 3219 hae
1282 3141 1412 3221 indole
1445 3143 1676 3247 praeditam,
1715 3151 1759 3219 ut
1790 3142 1942 3222 facilius
1970 3170 2083 3249 quam
2116 3146 2253 3227 alealia

441 3268 637 3348 minerslia
663 3266 813 3349 aeidum
840 3264 1013 3343 oleosum
1035 3295 1060 3343 a
1086 3294 1129 3345 se
1156 3271 1328 3370 separari
1358 3273 1536 3370 patiatur.
1592 3265 1856 3347 Suhstautiale
1883 3273 2004 3372 igitur
2030 3268 2121 3349 hilis
2148 3277 2252 3375 priu-

440 3398 578 3498 eipium
604 3389 713 3469 hosis
741 3391 855 3469 fellea
880 3390 1016 3469 oleosa
1042 3418 1129 3469 esse
1154 3392 1316 3470 videtur.

574 3518 620 3595 Si
661 3520 779 3620 igitur
818 3512 909 3593 hilis
954 3543 1025 3618 per
1070 3514 1217 3593 aeidum
1264 3519 1449 3595 aeetieum
1489 3517 1549 3595 vol
1591 3516 1695 3596 aliud
1737 3516 1926 3622 quoddam
1971 3519 2119 3599 aeidum
2164 3549 2252 3600 eoa·
2365 3544 2368 3549 “

439 3643 612 3748 gulatur‚
652 3639 759 3718 hasis
790 3640 906 3719 selles
937 3640 1114 3739 alcaliea,
1154 3643 1268 3718 antea
1304 3667 1390 3719 enm
1423 3642 1534 3719 aeido
1568 3641 1703 3720 oleoso
1742 3640 1966 3747 eonjnnota,
2006 3672 2109 3721 nune
2140 3648 2251 3725 arido

440 3770 573 3851 oleoso
613 3775 792 3870 separato
831 3793 915 3844 eum
955 3774 1063 3843 aeeto
1102 3769 1207 3844 eoire
1238 3771 1278 3844 et
1305 3769 1348 3843 in
1379 3766 1629 3845 sedimentum
1662 3769 1760 3845 verti
1790 3766 1950 3845 videtur.
2003 3771 2056 3846 Et
2086 3779 2252 3876 eoguori

440 3898 552 3973 etiam
578 3892 726 3972 aeidum
755 3890 927 3969 oleosum
955 3895 1012 3969 sie
1037 3888 1241 3970 liheratnm
1268 3893 1308 3967 in
1335 3890 1576 3993 superfieiem
1602 3890 1765 3997 liquoris
1794 3891 1955 3971 tendens
1974 3890 2027 3970 ihi
2042 3892 2115 3973 suh
2127 3897 2253 3976 forma

440 4018 626 4097 cuticulae
653 4016 786 4093 acidae
812 4041 1018 4117 apparere,
1046 4019 1079 4093 si
1107 4012 1195 4092 hilis
1222 4019 1419 4118 perpetem
1447 4014 1545 4093 dem
1572 4026 1795 4118 seponatur.
1911 4024 1914 4029 ’

1199 4189 1404 4279 Experior.
1437 4191 1493 4260 68.

1117 4294 1301 4377 Separatio·
1321 4297 1442 4358 hereos
1467 4294 1571 4357 lelllr.

574 4391 628 4471 llt
653 4416 744 4469 vero
770 4387 950 4470 methodo
977 4389 1140 4491 simplici
1171 4386 1339 4496 hilisque
1371 4398 1530 4470 natum
1563 4391 1748 4495 adaptata
1778 4386 1891 4467 husin
1922 4389 2025 4470 fellis
2057 4390 2107 4473 alt
2139 4396 2251 4487 aeide

439 4518 574 4598 oleoso
603 4542 840 4620 separarem,
865 4515 976 4594 acido
1003 4518 1149 4593 aeetieo
1176 4513 1278 4593 hune
1302 4519 1344 4595 in
1369 4515 1483 4594 tinem
1509 4518 1566 4593 uti
1592 4516 1987 4595 convenientissimum
2013 4518 2102 4596 ideo
2121 4525 2252 4601 eunu-

438 4647 555 4742 mavi,
589 4642 692 4751 qnod
717 4642 792 4719 hoe
819 4637 969 4719 aeidum
995 4642 1036 4719 in
1063 4641 1200 4746 ahymo
1232 4642 1321 4742 ipso
1348 4645 1523 4720 exsistat.
1577 4643 1753 4717 Attamen
1778 4665 1872 4718 vero
1898 4639 1989 4720 hilis
2016 4647 2250 4749 coagulatio,

438 4768 703 4885 quodeunque
727 4765 876 4845 aeidum
907 4766 1009 4844 huno
1034 4772 1075 4844 in
1101 4767 1216 4845 linem
1248 4764 1466 4864 adhibetur,
1505 4766 1604 4845 haue
1637 4761 1796 4843 exhihet
1827 4764 2105 4868 dillieultatem,
2148 4773 2251 4878 qnod

438 4897 660 4996 saplutus
687 4890 893 4996 ooagrdum
918 4895 1073 4969 nonnisi
1098 4890 1323 4993 inperfecto
1349 4891 1467 4971 modo
1492 4889 1649 4969 fundum
1677 4894 1923 4995 petitusque
1950 4894 2067 4995 plane
2092 4901 2134 4975 iu
2148 4899 2252 4979 sedi-

436 5027 603 5103 uuum
630 5020 844 5122 nolligitur,
869 5020 926 5094 sie
951 5022 995 5093 ut
1021 5015 1242 5097 diffieillinre
1267 5040 1293 5095 a
1317 5014 1466 5122 liquore
1496 5021 1673 5120 separari
1704 5022 1843 5118 possit.
1899 5018 1958 5097 dd
1991 5019 2091 5100 hane
2123 5028 2250 5106 autem
