4830 6188
849 355 909 423 ⁷
1049 425 1065 459 ³
1170 424 1229 518 6

293 628 329 701 3.
373 600 581 700 saturatae
609 628 698 697 6664
729 599 931 698 drachmae
960 615 1306 725 quaternaedenae
1316 614 1440 721 cleri
1467 644 1518 695 ex
1543 618 1753 697 ventriculo
1787 598 1967 719 cuniculi,
2012 652 2112 727 pane

372 754 490 852 pasti,
517 751 652 848 granis
680 751 807 848 quinis
835 745 943 822 (16646
969 743 1047 821 14614
1075 739 1284 820 carbonici.
1311 733 1411 820 unde
1439 742 1657 820 6444646646·
1688 753 1722 842 1,
1752 722 1804 823 66
1834 754 2027 825 66646646.
2141 736 2145 742 ’

293 879 329 951 4.
371 871 555 979 Ejusdem
591 870 714 973 cthi
745 875 859 945 66646
893 868 1047 946 dimidia
1083 864 1286 971 poscebat,
1328 878 1371 943 64
1409 875 1663 967 saturaretur,
1704 875 1838 946 uncias
1877 873 1972 947 (1666
2011 874 2112 951 461146

270 981 274 989 “
371 995 500 1077 borini
526 999 724 1072 tenuioris
2147 999 2148 1003 ’

186 1126 192 1131 ’
293 1127 330 1200 6.
371 1122 517 1201 liuciae
544 1123 677 1199 ternae
703 1118 829 1222 chmi
855 1144 876 1195 e
904 1116 1113 1196 ventriculo
1142 1112 1307 1193 cuniculi
1332 1141 1450 1219 pane,
1478 1104 1675 1196 tuberibus
1704 1116 1830 1201 solani
1858 1116 2030 1197 tuberosi
2057 1132 2112 1200 64-

373 1274 447 1354 que
475 1248 647 1350 [4666466
673 1246 789 1347 pasti,
810 1238 1069 1345 postulabant
1093 1268 1219 1343 grana
1245 1245 1297 1318 22
1323 1237 1401 1316 14614
1429 1238 1692 1342 carbonici,i.
1720 1272 1755 1322 c.
1788 1250 1821 1343 1,
1851 1248 1902 1325 52
1931 1254 2073 1331 666466

294 1378 333 1450 6.
376 1375 552 1449 intestini
578 1373 684 1446 coeci
716 1371 955 1471 ingestorum
988 1366 1183 1444 acidorum
1216 1362 1381 1443 cuniculi
1408 1366 1556 1445 Unciee
1586 1354 1764 1473 singulae
1790 1358 2035 1479 requirebant
2063 1375 2113 1452 ad

374 1499 647 1574 saturationem
680 1491 879 1570 drachmas
912 1494 1049 1596 quinas
1076 1478 1178 1568 461146
1204 1486 1352 1587 bovini,
1394 1487 1491 1573 alius
1524 1518 1617 1570 vero
1650 1492 1814 1571 cuniculi
1845 1500 1980 1574 unciae
2015 1497 2111 1575 duae

378 1616 605 1730 expetebant
631 1616 734 1747 fellis
762 1615 932 1723 ejusdem
958 1619 1109 1694 unciam
1135 1642 1261 1693 unam.
1357 1687 1364 1707 ,
1401 1691 1404 1695 .

695 1875 699 1884 '
846 1862 1181 1953 &perimentum
1214 1862 1269 1929 26.
1315 1861 1371 1947 In}
1392 1861 1547 1928 6446146.

299 2005 330 2072 1.
375 2002 606 2096 lta-ceperam
640 1997 764 2069 autem
792 2021 813 2069 e
841 1990 1051 2069 ventriculo
1090 1990 1197 2067 vituli
1224 1989 1338 2066 modo
1366 1985 1545 2067 ablactati
1577 1995 1692 2096 atquc
1720 1993 1821 2069 larre
1856 2021 2046 2074 avenaceo
2074 2001 2114 2073 et

220 2214 227 2222 J
374 2121 520 2196 furfure
548 2115 718 2195 secelino
747 2144 848 2221 aqua
865 2121 1037 2218 exceptis
1054 2119 1173 2217 pasti,
1202 2111 1389 2219 chmum.
1431 2113 1556 2234 liujus
1574 2112 1695 2193 libras
1714 2117 1809 2193 (1666
1829 2146 1929 2224 equa
1946 2121 2111 2223 perfudi,

374 2245 636 2349 liquoremque
662 2270 734 2345 per
760 2240 970 2319 66164666
999 2240 1087 2318 inde
1115 2245 1301 2345 separavi.
1343 2238 1527 2316 colatura
1554 2267 1631 2317 666
1660 2244 1783 2319 64666
1812 2246 1925 2349 quam
1953 2244 2111 2350 clrymus

373 2374 456 2472 ipsc
482 2395 563 2445 666
589 2372 643 2443 446
670 2365 777 2443 acide
804 2369 844 2442 46
872 2364 1040 2441 cbartam
1067 2364 1278 2443 caeruleam
1306 2360 1462 2467 agebat,
1490 2390 1614 2467 neque
1641 2394 1712 2468 per
1730 2370 1856 2444 66646
1880 2368 1969 2471 plus
1997 2358 2110 2475 quam

275 2522 278 2528 ·
372 2521 495 2596 grana
527 2488 681 2570 131614
715 2486 912 2567 sarbonici
945 2489 995 2567 ad
1029 2494 1299 2568 saturationem
1327 2484 1491 2577 volebat.
1544 2488 1763 2597 1661644664
1790 2499 1827 2589 0,
1861 2500 1937 2572 442
1966 2504 2140 2572 centes.-

373 2619 528 2696 rtcidum
558 2619 647 2692 6646
675 2620 948 2693 sutentationem
975 2612 1130 2691 volatile
1157 2640 1244 2694 esse
1272 2612 1528 2694 destillatione
1555 2626 1739 2717 expertus
1767 2644 1863 2695 sum.
2185 2592 2190 2605 ¹

322 2798 332 2818 .
375 2745 551 2819 Duorum
578 2739 779 2817 vitulorum
807 2739 1043 2835 lactentium,
1070 2738 1185 2815 modo
1213 2747 1479 2835 mactatarum,
1506 2739 1737 2817 ventriculos
1765 2724 1890 2819 cibum
1918 2730 2128 2846 ingestum

374 2862 613 2945 continentes
641 2863 858 2943 afferendos
885 2863 976 2940 mibi
1004 2867 1144 2971 curaui.
1198 2862 1305 2941 Alter
1330 2860 1562 2941 ventriculus
1580 2869 1714 2942 uncias
1728 2895 1818 2963 sex,
1846 2865 1942 2945 alter
1954 2874 2109 2977 nonnisi
2170 2907 2172 2910 ·

373 2999 453 3070 tres
498 2994 601 3070 casei
640 3018 690 3090 ex
727 2988 825 3067 16646
858 2990 1056 3091 assumpto
1095 2992 1210 3091 post
1219 2987 1526 3092 coagulationem
1559 2992 1777 3090 superstitis
1810 3000 1924 3098 atque
1957 2994 1997 3068 in
2028 2998 2141 3092 qno?

372 3120 445 3197 lem
485 3103 758 3194 subrotundem
796 3112 999 3217 glomerati
1035 3111 1272 3208 includebat,
1319 3111 1437 3219 66466
1462 3113 1729 3215 superficies
1717 3140 1758 3191 m
1797 3114 1969 3219 clerum
2001 3115 2109 3196 albo·
2266 3147 2270 3163 ⁴

371 3248 541 3348 griseum
575 3267 747 3319 cressum
781 3237 909 3316 soluta
936 3248 1050 3344 atque
1077 3266 1124 3316 eo
1151 3236 1319 3343 undique
1347 3234 1514 3314 obducta
1540 3242 1636 3315 eret.
1690 3240 1936 3317 Praeterea·
1924 3269 1964 3317 m
1984 3241 2107 3321 altero

299 3394 302 3399 ·
373 3365 583 3451 ventriculo
596 3363 797 3441 drachmas
810 3361 1060 3460 duodecim·
1048 3392 1087 3439 ι6
1103 3361 1224 3440 altero
1241 3361 1441 3440 drachmas
1458 3346 1605 3447 466466
1634 3367 1800 3469 quatuor
1828 3364 2002 3474 clqtmi'
1969 3374 2108 3447 smcori

371 3499 411 3569 46
444 3490 581 3598 pyloro
616 3491 904 3566 coacervatas·
893 3492 1030 3564 inveni.
1085 3486 1212 3594 116466
1245 3489 1387 3563 sinceri
1416 3486 1556 3591 chmi,
1592 3478 1684 3590 post
1708 3470 2007 3568 commistionem
2037 3518 2107 3636 per

374 3621 500 3692 omnia
527 3613 728 3692 drachmas
761 3615 808 3690 16
837 3611 1056 3709 efficientis,
1086 3607 1302 3689 saturabam
1330 3608 1530 3690 drachmas
1562 3612 1714 3691 121614
1743 3598 1967 3712 carbonirs,
1995 3616 2106 3724 cujus

372 3767 496 3842 grana
526 3744 575 3818 12
603 3728 823 3816 necessaria
854 3744 965 3817 erant
992 3736 1041 3814 ad
1068 3739 1356 3836 saturationem
1390 3738 1585 3845 itaquel,
1613 3741 1665 3818 26
1691 3744 1837 3818 centes.

274 3954 278 3963 Ι
425 3863 590 3967 Reliqua
623 3866 726 3939 casei
759 3862 879 3941 moles
912 3889 990 3938 non
1023 3859 1147 3938 solum
1174 3856 1222 3937 ab
1255 3859 1512 3940 exterioribus
1539 3860 1608 3941 sed
1641 3866 1754 3942 etiam
1782 3863 1830 3943 ab
1858 3863 2106 3945 interioribus

292 3978 467 4095 partibus
494 3985 673 4063 indicium
699 4014 862 4089 prorsus
890 3984 1039 4063 acidum
1066 3989 1106 4062 in
1125 3984 1259 4064 charta
1276 3985 1454 4064 caeruleo
1470 3984 1649 4066 babebat.
1704 3991 1803 4066 41646
1822 4017 1957 4097 aquqm
1975 3986 2105 4090 affudi,

294 4121 336 4191 ut
366 4142 437 4217 per
470 4111 667 4191 duodecim
700 4110 816 4189 boras
854 4115 1123 4189 maceraretur.
1178 4112 1259 4203 Qui
1293 4139 1376 4189 cum
1409 4114 1501 4216 post
1533 4117 1825 4190 macerationem
1864 4123 1990 4193 temen
2016 4121 2106 4219 aci·

144 4262 155 4269 ·
293 4241 364 4317 (466
393 4247 513 4335 66664,
541 4264 625 4314 666
653 4233 811 4339 paululo
840 4264 961 4340 aquae
989 4240 1028 4312 in
1054 4235 1197 4340 pultem
1225 4264 1296 4341 per
1323 4232 1451 4315 omnia
1465 4241 1600 4315 uncias
1619 4232 1902 4342 quatuordecim
1921 4239 2105 4373 ponderis

113 4428 119 4440 ,
230 4457 234 4465 ,
292 4363 495 4443 habentem
523 4361 793 4440 conterendum
832 4364 974 4436 curavi.
1028 4358 1155 4465 llans
1178 4366 1315 4440 666466
1341 4363 1438 4441 duae
1463 4361 1512 4439 ad
1538 4362 1810 4440 saturationem
1835 4368 2009 4467 granati
2038 4364 2104 4443 ex'·

291 4481 520 4594 poscebant,
549 4489 605 4562 sic
631 4489 676 4562 ut
701 4493 806 4564 totus
830 4511 957 4590 grane
983 4488 1034 4564 63
1063 4485 1261 4565 voluisset.
1296 4493 1435 4603 Aqua
1435 4486 1557 4584 66616,
1572 4512 1685 4593 quam
1699 4493 1954 4607 maceratione
1967 4499 2102 4568 nactus

293 4641 393 4713 sum,
428 4615 560 4690 666466
589 4614 753 4716 quatuor
780 4606 986 4707 efficiebat,
1019 4637 1180 4716 quanm
1212 4637 1290 4686 666
1317 4611 1368 4688 ad
1394 4615 1667 4689 saturationem
1693 4602 1819 4716 grana
1850 4613 1993 4713 64614
2020 4641 2103 4692 car·

291 4740 421 4816 bonici
453 4731 694 4842 requirebat,
740 4737 796 4810 646
833 4746 875 4812 64
907 4762 1040 4812 66666
1057 4734 1197 4841 grana
1228 4728 1302 4812 s'ex
1333 4716 1618 4861 poposcissent.
1673 4738 1810 4816 06646
1836 4741 1955 4841 igitur
1979 4738 2102 4818 moles

293 4864 395 4941 casei
420 4868 611 4940 macerata
636 4868 749 4966 atque
776 4861 941 4937 contrita
968 4864 1061 4940 69
1047 4886 1171 4963 grana
1203 4844 1276 4938 6614
1309 4857 1506 4939 carbonici
1528 4832 1601 4943 sd
1608 4854 1883 4963 (6466446666
1910 4859 2107 4942 desidera-

292 4987 416 5087 bat3‘
403 5014 429 5063 ι.
458 5015 491 5064 6.
523 4992 558 5082 1,
588 4988 638 5066 69
667 4986 809 5064 666466.
866 4986 1008 5062 Omnis
1034 5012 1125 5063 vero
1154 4972 1351 5065 amborum
1383 4968 1588 5067 vitnldrmn
1620 4991 1792 5090 ingesta,
1825 4984 1999 5091 chmnm
2025 4993 2118 5069 sin·

1609 5113 1677 5189 6,.
