4830 6188
423 609 480 682 Ac
506 600 624 681 scmcl
650 596 801 704 quidem
827 592 948 673 iehris
974 596 1147 672 masio
1174 592 1357 687 messui,
1383 586 1522 668 deinde
1547 592 1693 686 mian,
1721 614 1805 666 cnm
1819 585 2111 694 wtidbma,

291 737 433 812 octona
458 728 518 806 vel
545 720 645 804 dena
669 722 766 800 adeo
794 724 834 799 ot
858 720 973 824 plura
997 720 1114 797 chinii
1139 744 1263 823 grana
1288 742 1438 794 nmero
1464 739 1685 818 pergerem
1722 712 1970 792 nihilominus
2000 736 2116 815 rope,

291 855 416 953 tabat,
444 876 610 957 moxque
636 853 677 927 in
704 845 963 952 quotidianam
990 847 1224 941 continuata,
1251 845 1307 920 ila
1331 845 1376 918 ut
1401 843 1540 947 qumis
1565 866 1716 947 qusque
1743 838 1839 917 hora
1850 836 2114 943 pomeridiana

270 956 479 1085 ¹inciperet
510 976 743 1078 multamque
775 970 825 1049 ad
858 975 1008 1048 noctem
1043 970 1301 1064 continuaret,
1341 991 1421 1042 non
1453 968 1549 1042 satis
1568 968 1805 1043 .constantcr
1829 963 2020 1042 interdurn
2046 966 2115 1038 aut

294 1132 403 1189 mane
435 1102 533 1181 hora
564 1104 701 1177 octava
731 1101 799 1173 aut
830 1095 985 1174 meridie
1017 1097 1111 1198 post
1141 1118 1299 1170 coenam
1331 1087 1540 1168 accedebat
1571 1116 1618 1168 ac
1650 1116 1721 1197 sex
1746 1089 1971 1194 plerumque
1996 1089 2115 1166 horas

293 1226 494 1336 implebat,
521 1224 561 1304 id
587 1221 692 1331 quod
719 1225 813 1299 satis
839 1225 1019 1296 accurate
1046 1218 1137 1295 mihi
1164 1211 1420 1319 portendebat
1446 1215 1559 1293 finem
1587 1219 1833 1293 accessionis.

432 1352 608 1431 chinium
636 1345 897 1447 sulphuricnm
923 1344 1016 1422 lecit
1047 1340 1197 1446 quidem
1224 1339 1397 1443 linguam
1420 1337 1623 1444 pudorem
1655 1339 1913 1445 majoremque
1945 1336 2023 1416 cihi
2048 1364 2120 1440 sp·

297 1482 503 1585 potentiam
532 1473 600 1551 sed
627 1497 751 1575 neque
779 1469 818 1546 id
846 1469 911 1546 diu
938 1471 1112 1546 constitit
1137 1494 1208 1545 nee
1235 1462 1357 1545 febris
1384 1464 1511 1545 desiit.
1565 1465 1690 1572 Cujus
1714 1471 1772 1544 rei
1798 1491 1917 1544 musa
1942 1463 2118 1541 eratlor·

296 1611 403 1685 tasse
430 1608 468 1678 iu
496 1597 573 1677 eibi
598 1590 838 1696 temporibus
866 1593 1032 1670 sortasse
1059 1598 1104 1668 iu
1126 1589 1304 1668 remediis
1330 1587 1610 1692 aperientibus,
1638 1618 1735 1694 quse
1767 1593 1922 1693 praeter
1954 1587 2117 1665 chinium

178 1816 181 1821 ,
299 1724 506 1808 sumebam.
562 1718 683 1815 Quod
715 1722 772 1794 uti
800 1720 860 1795 est
886 1720 1090 1813 incertum,
1118 1720 1175 1792 sie
1201 1714 1277 1792 hoc
1304 1712 1488 1812 sulliciat,
1516 1712 1672 1808 febrim,
1714 1719 1771 1791 uti
1798 1715 1898 1811 dixi,
1939 1712 2035 1789 adeo
2062 1718 2119 1789 in·

299 1859 466 1933 crevisse
492 1850 536 1923 ut
561 1848 829 1923 intestinorum
855 1844 1045 1917 actionem
1071 1844 1274 1941 perspicue
1300 1842 1341 1915 ct
1366 1835 1579 1917 luculenter
1605 1843 1803 1932 sentirem,
1830 1841 2027 1941 totumque
2040 1864 2120 1913 mo·

302 1981 402 2070 dum,
422 2000 499 2079 quo
519 1965 595 2047 cihl
612 1967 702 2046 inde
721 1994 745 2043 a
761 1963 973 2043 ventriculo
992 1991 1115 2069 usque
1133 1964 1182 2040 ad
1205 1967 1427 2042 intestinum
1452 1969 1598 2041 rectum
1617 1964 1915 2061 conficerentur,
1942 1963 2120 2039 distincte

276 2127 458 2208 -possem
490 2099 682 2199 persequi.
739 2096 794 2168 he
827 2094 989 2192 primum
1017 2089 1190 2194 quidem,
1222 2086 1290 2166 uhi
1322 2088 1372 2165 ad
1400 2087 1470 2165 has
1496 2116 1562 2167 res
1588 2093 1754 2167 animum
1780 2089 1944 2185 adverti,
1985 2084 2119 2165 febrim

304 2253 388 2306 cunr
420 2224 590 2314 actious,
624 2244 700 2323 qua
726 2213 801 2294 cibi
833 2220 872 2292 in
901 2213 1061 2291 diversis
1088 2209 1264 2316 partibus
1302 2212 1447 2292 canalis
1477 2216 1747 2293 intestinorum
1779 2219 2117 2318 concoquercntur,

155 2444 158 2453 ,
304 2352 508 2432 cohaerere
536 2341 746 2421 observavi.
799 2344 803 2350 '

1012 2676 1146 2746 Morbi
1175 2681 1424 2771 proprietas.

440 2842 654 2950 incipiebat
665 2848 764 2922 enim
778 2838 899 2920 iehris
919 2867 1004 2919 eum
1024 2848 1131 2920 motu
1149 2843 1387 2946 peristaltico
1406 2843 1636 2945 palpitante,
1664 2869 1741 2947 quo
1760 2842 1875 2920 colon
1887 2840 2127 2920 adscendens

308 2977 521 3065 etmaximo
534 2976 806 3065 monsrersum,
831 2963 899 3044 uhi
913 2968 1195 3071 erantrcpleta,
1209 2968 1368 3045 alternis
1382 2995 1485 3044 nune
1497 2964 1833 3071 expandebantur,
1860 2994 1963 3045 nuuc
1976 2971 2129 3044 contra·

309 3101 517 3192 hehantnr,
546 3099 600 3172 ita
612 3099 657 3172 nt
670 3118 767 3198 qnae
780 3097 828 3169 iis
841 3093 1147 3189 continerentur,
1174 3097 1354 3198 quoniam
1368 3092 1594 3194 elangueret
1606 3096 1732 3168 motus
1746 3092 2022 3194 peristalticus,
2049 3116 2130 3167 non

309 3224 638 3332 promoverentur.
679 3216 803 3295 Simul
815 3243 906 3294 vero
924 3217 1087 3294 musculi
1102 3214 1318 3295 abdominis
1336 3221 1521 3319 imprimis
1533 3220 1641 3294 initio
1652 3214 1772 3294 iehris
1784 3214 2130 3297 contremiscebant

311 3356 427 3455 ιιφιο
466 3347 671 3447 respiratio
711 3341 945 3447 aliquantum
986 3339 1299 3443 impediebatur·
1330 3338 1491 3418 Licebat
1529 3367 1691 3446 namque
1732 3339 1842 3418 cibos
1873 3347 1914 3419 in
1946 3346 2130 3420 intestino

257 3502 260 3506 “
311 3500 446 3556 crasso
474 3473 566 3573 post
597 3465 720 3546 febris
752 3466 867 3545 tinem
893 3464 1163 3571 provolventes
1189 3472 1409 3569 motumque
1434 3465 1710 3570 peristalticum
1737 3492 1889 3565 mnan,
1916 3493 2040 3572 usqne
2053 3493 2132 3543 am·

312 3601 414 3706 plius
440 3594 683 3699 palpitatioui
714 3590 774 3668 vel
803 3618 959 3695 spasmo
985 3588 1180 3695 junctum,
1208 3597 1384 3669 accurate
1410 3595 1555 3670 sentire
1580 3619 1627 3669 ac
1652 3595 1844 3696 persequi,
1899 3592 2020 3686 Quod
2045 3619 2132 3670 cum

313 3731 476 3830 primum
504 3717 768 3814 observarem,
794 3712 995 3794 ventriculi
1018 3699 1172 3820 'colique
1200 3721 1409 3795 transversi
1436 3712 1714 3795 commutabam
1731 3721 1893 3815 metuar,
1921 3721 2060 3820 postea
2075 3722 2134 3795 ta·

173 3865 176 3869 ’
315 3877 401 3930 men
426 3845 502 3925 hoc
529 3844 746 3922 discrimine
773 3845 947 3943 peterem
974 3842 1176 3945 utrumque
1204 3839 1382 3920 dmtinete
1409 3839 1657 3944 dignoscere,
1698 3841 1802 3947 quod
1835 3846 1963 3920 motus
1993 3845 2134 3920 venni-

317 3973 392 4052 culi
420 3997 622 4074 sempera
649 3966 769 4045 fundo
797 3965 847 4044 ad
874 3965 1068 4070 pylerum,
1103 3967 1143 4043 id
1170 3970 1231 4044 est
1256 3994 1281 4043 a
1306 3952 1414 4043 laeva
1440 3966 1488 4041 ad
1515 3963 1707 4064 dextram,
1748 3965 1825 4044 coli
1851 3971 1988 4045 contra
2012 3967 2134 4070 palpi-

230 4141 232 4145 ·
315 4104 404 4177 taus
431 4099 592 4197 agitatio
619 4122 645 4171 a
671 4091 810 4169 dextra
835 4088 885 4167 ad
911 4089 1054 4167 laevam
1082 4088 1277 4171 tendehat.
1331 4094 1538 4169 Praeterea
1562 4094 1663 4170 iuter
1687 4092 2047 4194 utrumqucmotum
2061 4092 2137 4170 hoc

317 4223 514 4314 intererat,
541 4217 646 4323 quod
673 4221 800 4296 metus
827 4215 921 4313 coli,
950 4220 1119 4318 quamvis
1146 4222 1272 4294 miuus
1297 4215 1511 4314 vehemens,
1532 4215 1616 4321 jan
1641 4211 1850 4319 incipiebat
1874 4212 1926 4293 ab
1951 4220 2135 4295 intestino

318 4372 457 4438 cocco,
487 4346 528 4419 iu
555 4369 651 4447 quo,
677 4346 734 4418 uli
760 4345 802 4417 in
827 4338 1039 4416 ventriculo
1071 4368 1187 4444 quum
1215 4340 1495 4445 deglutiuntur,
1536 4346 1592 4419 ita
1615 4340 1698 4447 jam
1731 4363 1784 4418 ex
1814 4342 1998 4420 intestino
2028 4343 2136 4417 tenui

319 4463 631 4575 congerebantur
657 4464 752 4562 cibi,
792 4491 865 4542 nec
895 4468 1005 4567 prius
1033 4492 1144 4568 quam
1170 4469 1394 4544 intestinum
1421 4494 1577 4546 coecum
1603 4470 1727 4544 totum
1753 4470 1859 4545 esset
1882 4464 2070 4568 repletum
2096 4469 2137 4542 in

227 4648 232 4658 ·
321 4596 437 4676 colon
463 4589 702 4703 adscendens
729 4585 964 4685 transibant,
1005 4589 1107 4670 unde
1134 4590 1184 4669 ad
1209 4591 1333 4671 colon
1351 4598 1611 4670 transversum
1637 4597 1847 4696 pergentes
1878 4594 1918 4666 iu
1951 4589 2029 4667 line
2060 4589 2137 4675 coli

323 4716 592 4801 descendentis
619 4710 903 4809 consistebant,
929 4718 985 4792 ita
1008 4720 1054 4793 nt
1078 4721 1119 4794 in
1145 4717 1233 4795 colo
1260 4721 1485 4797 transverso
1513 4717 1839 4796 vehementissime
1852 4717 2060 4793 metiretur
2071 4714 2140 4791 ills

322 4845 539 4950 palpitatio.
601 4838 769 4934 Quando
802 4865 894 4916 vero
929 4840 1095 4918 chinium
1127 4841 1386 4945 sulphuricnm
1419 4868 1503 4919 enm
1534 4843 1712 4922 remediis
1743 4841 1866 4919 alvum
1899 4836 2140 4935 ducentibus,

323 4971 372 5050 ad
400 4962 496 5075 quae
523 4963 627 5069 apud
655 4992 714 5044 me
743 4966 894 5070 quidem
921 4963 1140 5068 pertinebat
1167 4969 1279 5046 etiam
1306 4971 1422 5075 potus
1455 4966 1732 5064 chammillso,
1760 4990 2015 5068 sumpseram,
2049 4968 2141 5068 pest
