4830 6188
1175 439 1227 511 W

208 724 211 729 Ι
293 643 377 694 rum
408 640 636 720 persuasum
668 613 758 711 fuit,
798 612 838 691 id
865 611 1080 739 credulitati
1115 586 1302 694 duntaxat
1329 621 1368 692 et
1400 620 1665 718 superstitioni
1698 608 1939 698 tribuendum
1968 626 2028 698 est
2056 650 2119 698 ra·
2233 590 2240 603 ¹

295 786 444 864 uaeque
471 762 643 859 ipsorum
670 758 953 860 imaginationi,
989 761 1072 875 sine
1098 757 1180 835 ullo
1208 785 1336 836 rerum
1363 757 1577 859 intellectu3
1617 765 1674 836 ita
1699 765 1744 838 ut
1771 766 2013 866 extispicium
2042 793 2122 842 non

295 905 420 1005 magis
454 895 669 976 bominibus
703 898 866 978 divinam
907 894 1091 978 obtulerit
1122 902 1337 998 veritatem,
1383 927 1496 1003 quam
1535 900 1746 981 hostiarum
1785 906 2013 984 sacrificium
2049 908 2121 984 diis

297 1048 447 1146 gratam
476 1041 591 1119 ullam
618 1041 888 1150 placationem.
1204 1140 1209 1157 .

435 1188 518 1262 llac
546 1187 672 1261 autem
699 1211 742 1261 re
768 1186 1004 1266 recentiores
1031 1149 1284 1292 physiologi,
1314 1184 1532 1264 animalium
1564 1189 1664 1264 vitae
1697 1215 1921 1289 processum
1950 1195 2124 1270 scrutab-

299 1334 377 1427 tes,
405 1357 430 1404 a
455 1330 624 1405 veterum
653 1322 920 1427 haruspicibus
947 1329 1131 1430 imprimis
1158 1325 1358 1425 differuut3
1391 1331 1530 1406 etenim
1557 1356 1632 1406 nos
1659 1357 1710 1407 ex
1743 1331 1959 1410 animalium
1987 1362 2124 1437 corpo·

185 1532 190 1543 .
300 1469 410 1551 ribus
437 1471 582 1549 enectis
610 1472 721 1576 quasi
746 1472 967 1577 interiorem
993 1472 1200 1565 rationem,
1242 1463 1472 1571 corporibus
1498 1469 1577 1548 illis
1602 1472 1832 1573 ingenitam,
1873 1479 2124 1555 inscientiae

301 1594 573 1692 incrementum
606 1611 791 1689 elicimus.
845 1612 960 1704 Quae
993 1613 1113 1716 igitur
1145 1637 1196 1690 ex
1229 1609 1446 1688 animalium
1478 1630 1680 1691 caesorum
1713 1570 1905 1693 intestinis
1938 1619 2141 1720 praedica·

134 1852 138 1859 Ι
301 1782 405 1851 mus,
432 1781 512 1833 non
539 1757 672 1832 carent
696 1753 877 1831 rationali
903 1752 1149 1834 fundamento
1177 1761 1216 1831 et
1241 1780 1393 1853 revera,
1422 1757 1592 1860 quamvis
1620 1755 1904 1858 significatione
1918 1766 2123 1836 aveterunr

144 1883 156 1904 ⁸
273 1900 531 2001 -baruspiciis
560 1893 725 1993 diversa,
766 1900 806 1973 in
840 1893 1108 1998 praesentibus
1143 1904 1182 1975 et
1213 1895 1354 1974 tuturis
1382 1878 1884 1978 bominum'valetudiuIbus
1911 1898 2123 1978 divinandis

304 2070 377 2119 nos
411 2038 592 2146 adjuvare
624 2041 802 2139 possunt.
869 2039 1121 2153 Quantopere
1156 2037 1362 2140 profutura
1400 2042 1480 2150 sint
1509 2039 1605 2117 haec
1642 2040 1875 2119 medicorum
1908 2044 2123 2144 extispicia,

301 2212 356 2263 ex
383 2210 430 2261 eo
458 2180 600 2276 elucet,
629 2178 731 2286 quod
758 2176 980 2257 morborum
1005 2205 1226 2283 prognoses
1254 2202 1307 2258 ax
1331 2177 1613 2284 physiologicis
1639 2184 1843 2286 principiis
1860 2186 2006 2286 petitae
2020 2181 2126 2262 solae

260 2342 271 2369 “
303 2352 416 2408 verae
443 2320 719 2402 existimandae
746 2330 847 2401 sunt.
900 2322 1175 2423 Experimenta
1198 2322 1321 2426 igitur
1345 2323 1589 2401 instituamus
1617 2348 1696 2401 uon
1723 2350 1794 2425 per
1819 2322 2014 2404 bominum
2028 2308 2129 2402 mor·

304 2475 387 2566 tes,
418 2465 554 2546 sedin
580 2464 775 2542 hominum
802 2459 961 2543 salutem
989 2489 1061 2566 per
1085 2465 1233 2544 mortes
1258 2457 1485 2542 bestiarum.

321 2672 324 2677 -
416 2612 569 2713 Operae
596 2610 760 2713 pretium
789 2607 860 2704 est,
889 2632 1046 2683 causam
1072 2630 1194 2715 quare
1221 2612 1389 2686 veterum
1415 2604 1635 2710 barnspioia
1662 2632 1742 2684 non
1768 2609 1914 2711 pariter
1940 2634 1985 2684 ac
1999 2635 2131 2687 recen·

192 2734 195 2745 ¹
306 2762 399 2833 tium
425 2748 745 2859 physiologorum
772 2750 1035 2850 experimenta
1060 2753 1102 2828 iu
1127 2744 1354 2828 rationalem
1379 2747 1495 2828 finem
1509 2750 1708 2851 pervenire
1727 2752 1940 2853 potuerint,
1967 2754 2129 2855 propius

307 2898 554 3000 investigare.
608 2890 737 2970 Facile
764 2896 863 2969 euim
891 2893 1053 2999 quisque
1078 2888 1287 2999 intelliget,
1314 2875 1529 2971 sidiversa
1555 2918 1606 2971 ex
1633 2889 1841 2970 eorundem
1869 2895 1971 2971 extis
1988 2897 2132 2973 anima·

139 3064 145 3071 ·
307 3041 418 3137 lium,
460 3036 620 3114 diversis
646 3033 705 3111 vel
732 3028 969 3136 temporibus
994 3034 1056 3113 vel
1082 3034 1180 3112 locis
1212 3060 1424 3133 caesorum,
1453 3033 1730 3134 divinarentur,
1770 3039 1991 3116 necessario
2018 3039 2130 3116 etiam
2167 3086 2170 3092 —

310 3208 360 3261 ax
390 3180 542 3257 diverso
570 3185 746 3255 extorum
772 3173 906 3253 babitu
932 3174 1001 3261 illa
1025 3176 1281 3280 significanda
1305 3176 1439 3257 fuisse.
1493 3179 1659 3254 Diversa
1687 3178 1808 3279 igitur
1840 3186 1879 3256 et
1910 3176 2022 3256 simul
2055 3184 2131 3256 evi·

226 3410 232 3427 .
311 3322 438 3401 dantia
464 3328 641 3397 extorum
668 3322 798 3427 signa,
827 3313 965 3422 quibus
992 3327 1134 3397 certam
1162 3318 1353 3425 quandam
1378 3324 1453 3395 vim
1480 3323 1520 3396 et
1545 3322 1776 3427 potestatem
1803 3316 1988 3398 tribueret
2018 3318 2130 3397 baru-

309 3490 428 3568 spex,
461 3460 599 3541 adesse
625 3486 786 3539 necesse
813 3461 897 3538 erat
923 3463 963 3540 et
988 3488 1122 3539 revera
1148 3466 1242 3539 satis
1268 3433 1475 3539 iudicatum
1502 3465 1714 3538 invenimus
1728 3458 1831 3563 apud
1844 3466 2011 3559 veteres,
2040 3489 2131 3568 qua·

307 3609 383 3687 lem
410 3611 451 3685 iu
478 3599 881 3717 praenunciationibus
909 3603 1227 3707 significationem
1253 3602 1316 3680 bic
1342 3600 1401 3680 vel
1428 3601 1493 3680 ille
1521 3611 1696 3679 extorum
1724 3611 1762 3682 et
1787 3602 1999 3681 hostiarum
2025 3602 2132 3683 habi.

3 3770 7 3787 ·
62 3780 71 3810 1
227 3735 239 3855 ᾖ
311 3760 375 3828 tus
402 3748 463 3827 vel
490 3746 640 3824 indoles
668 3773 762 3848 prae
790 3773 833 3822 se
865 3744 997 3824 ferret.
1051 3747 1185 3851 Neque
1217 3772 1310 3823 vero
1343 3741 1499 3824 dubium
1528 3749 1604 3842 est,
1647 3748 1740 3849 quin
1772 3745 1868 3825 baec
1900 3748 2132 3851 significatio
2167 3799 2177 3805 -

200 3952 203 3959 .
312 3891 386 3970 soli
418 3894 602 3968 inuitatur
632 3887 830 3965 traditioni
863 3915 974 3992 quam
1006 3914 1079 3989 pro
1113 3889 1354 3989 experientia
1386 3885 1647 3997 venditabant,
1684 3885 1789 3992 quod
1823 3894 1977 3990 saepius
2001 3886 2131 3991 prodi·

227 4108 232 4127 ,
312 4038 380 4137 gia
412 4028 610 4110 eventibus
644 4024 858 4132 approbata
890 4028 1094 4131 vidissent3
1135 4056 1259 4135 nequa
1295 4027 1521 4131 haruspices
1558 4033 1759 4130 praeterea
1794 4027 1912 4103 ullum
1943 4028 2131 4106 rationale

152 4178 163 4199 '
313 4175 581 4279 argumentum
607 4167 839 4270 babuerunt,
868 4196 945 4275 quo
973 4169 1238 4274 prodigiorum
1258 4173 1553 4279 eventorumque
1572 4174 1805 4275 reciprocam
1817 4171 2006 4246 rationem
2018 4175 2132 4275 atquo

313 4314 633 4397 necessitudinem
665 4311 988 4409 demonstrarent,
1035 4339 1152 4417 quare
1184 4316 1269 4415 ipse
1299 4297 1593 4415 praesagiorum
1631 4304 1786 4386 eventus
1824 4337 1937 4416 quam
1968 4316 2131 4389 maxime

313 4462 398 4540 erat
423 4457 605 4536 fortuitus
633 4460 746 4560 atque
765 4459 960 4551 incertus,
1001 4481 1125 4559 neque
1153 4453 1305 4532 ostendi
1331 4455 1502 4556 poterat,
1543 4463 1612 4528 eur
1643 4476 1722 4526 uon
1753 4455 1867 4529 etiam
1900 4454 2131 4529 contrarium
2257 4505 2259 4509 2

313 4604 489 4681 eventum
514 4582 658 4677 babere
685 4597 752 4675 illa
777 4600 956 4675 vaticinia
987 4598 1161 4698 possent.
1214 4576 1466 4699 Experieutia
1497 4596 1618 4696 igitur
1648 4578 1836 4699 ususqu‘e,
1878 4620 1989 4699 quem
2021 4592 2133 4671 baru-

315 4749 442 4849 spices
474 4748 515 4823 in
547 4736 678 4818 babitu
710 4750 903 4837 extorum,
944 4738 1003 4815 vel
1036 4738 1205 4817 secunda
1236 4738 1297 4818 vel
1336 4716 1498 4845 adversa
1532 4737 1845 4833 monstrantium,
1886 4733 2132 4840 dijudicando

264 4966 268 4982 ,
312 4892 478 4968 macenti
493 4894 593 4984 sunt,
620 4887 661 4961 in
688 4879 890 4961 arbitraria
917 4883 1143 4978 commenta,
1171 4886 1274 4959 omni
1291 4887 1443 4960 ratione
1461 4883 1649 4983 expertia,
1677 4876 1845 4993 deflexit,
1872 4906 1996 4984 neque
2015 4878 2131 4955 ullum
2230 4908 2233 4912 “
