4830 6188
1000 424 1360 532 'ac

415 639 597 718 cretionis
625 647 791 739 organa,
814 632 1001 736 imprimis
1027 632 1154 731 renes,
1181 631 1423 711 vehementer
1437 618 1668 731 excitantur,
1698 575 2230 738 querelitlriasi'occasionem

256 837 263 855 s
415 758 584 865 praebet.

547 886 750 960 Postremo
778 879 955 959 omnibus
982 869 1164 960 carnibus
1190 866 1285 960 boec
1313 884 1640 960 communicasse
1667 884 1852 983 expertus
1880 890 1982 979 sum,
2011 881 2114 989 quod
2141 883 2231 960 levi·

415 1023 473 1088 tas
501 1035 630 1087 eorum
658 1010 823 1110 augetur
850 1015 954 1083 certa
981 1007 1145 1110 quedam
1171 1007 1380 1106 vetustate,
1408 1033 1484 1112 qua
1510 1004 1894 1091 fibraernusculares
1911 1010 2064 1110 penitus
2088 1013 2232 1085 exstin-

414 1138 579 1239 guntur,
622 1136 679 1207 sic
711 1139 754 1207 ut
786 1134 1022 1209 teneritatem
1055 1135 1247 1232 accipiant
1279 1141 1395 1236 atque
1425 1135 1549 1234 magis
1586 1131 1726 1208 idonea
1752 1131 1964 1210 ventriculo
1998 1131 2102 1239 fiant.
2156 1135 2233 1208 lte-
2381 1173 2385 1179 ·

415 1264 636 1339 centissima
662 1259 794 1333 autem
801 1282 904 1351 caro,
931 1259 1116 1357 imprimis
1136 1255 1395 1333 memmalium
1421 1257 1546 1332 aetate
1573 1244 1871 1358 provectiorum,
1900 1246 2071 1361 quamvis
2091 1256 2233 1333 elixata

324 1373 329 1384 ¹
416 1386 513 1462 dura
546 1384 627 1462 sere
662 1372 775 1513 atque
808 1384 995 1457 tenacior
1014 1383 1143 1459 menet
1168 1380 1333 1486 ideoque
1364 1383 1489 1471 miuus
1516 1380 1629 1457 t'aclle
1663 1383 1928 1487 concoquitur.
1984 1383 2143 1457 Omnem
2170 1408 2246 1475 re·¹

414 1512 624 1604 nationem,
654 1496 824 1610 quemvis
844 1525 979 1583 roccus
995 1505 1127 1581 durior
1154 1509 1205 1584 sit
1233 1532 1347 1583 carne
1374 1505 1589 1581 animalium
1619 1504 1928 1604 domesticorum,
1955 1508 2142 1583 vetustate
2156 1532 2233 1582 me-

416 1660 532 1736 gnam
571 1629 861 1707 teneritudinem
895 1629 1127 1728 adsciscere,
1168 1631 1331 1735 ideoque
1362 1629 1543 1709 leviorem
1577 1658 1663 1708 esse
1697 1658 1747 1708 cx
1780 1627 2110 1707 obscurationibus
2138 1633 2233 1705 meis

414 1757 599 1836 intellexi.
655 1758 810 1833 Tamen
830 1759 983 1832 cervina
1010 1782 1101 1832 caro
1130 1761 1244 1860 etque
1271 1774 1460 1859 aprugna,
1489 1783 1604 1859 quum
1631 1760 1785 1833 seniora
1811 1754 1988 1833 animalia
2016 1762 2116 1852 sunt,
2143 1781 2234 1856 gra-

414 1886 572 1960 uissima
598 1883 669 1958 est.

857 2123 1008 2183 Discrimen
1023 2124 1094 2181 inter
1109 2123 1197 2182 cibum
1213 2121 1406 2221 releqtissimae
1423 2125 1640 2204 prmissimreque
1657 2125 1789 2184 materiae.

419 2280 423 2287 ’
550 2260 675 2358 Atque
702 2252 796 2328 haec
825 2252 974 2355 quidem
1002 2260 1189 2354 perpetua
1215 2260 1328 2356 atquc
1355 2256 1534 2330 universa
1560 2254 1614 2331 ex'
1639 2238 1972 2331 observationibus
2004 2257 2099 2339 mois
2133 2251 2235 2331 effici

379 2408 383 2415 ’
421 2382 613 2474 ridentur,
640 2381 770 2478 magni
798 2375 1072 2453 aestimandum
1099 2405 1186 2454 esse
1214 2371 1437 2475 discrimen,
1467 2377 1569 2482 quocl
1587 2381 1689 2455 inter
1702 2376 1832 2476 ¹cibum
1847 2377 2131 2454 valentissimae
2144 2406 2235 2480 gre-

417 2510 671 2606 vissimaeque
697 2496 896 2598 materiae,
924 2528 1048 2607 neque
1075 2505 1217 2599 minus,
1249 2500 1352 2607 quocl
1378 2506 1479 2580 inter
1505 2499 1629 2579 cibum
1656 2500 1919 2579 imbecillimae
1945 2501 2235 2608 levissimaeque

417 2626 647 2724 intercedat,
664 2629 817 2731 quippe
840 2648 953 2730 quum
975 2624 1036 2701 vel
1062 2625 1320 2702 valentissima
1347 2629 1507 2704 materia
1533 2629 1688 2729 corpori
1702 2625 1846 2702 nullum
1861 2624 2079 2703 alimentum
2094 2625 2235 2703 submi·

375 2757 571 2850 ·‘nistret,
599 2754 633 2829 si
649 2750 772 2827 'simul
799 2753 1025 2853 gravissima
1052 2757 1127 2848 est,
1154 2767 1281 2855 acque
1305 2748 1545 2829 inbecillima
1570 2756 1728 2853 materia
1755 2755 1910 2851 corpori
1936 2761 2090 2850 noceat,
2120 2756 2153 2829 si
2179 2753 2234 2830 le·

395 2880 583 2959 sissima.
640 2874 760 2954 Cibus
786 2871 1064 2954 valentissimae
1077 2879 1258 2953 materiae
1272 2882 1343 2973 est,
1362 2881 1426 2980 qui
1439 2877 1596 2956 multum
1610 2880 1846 2972 nutrimenti,
1873 2872 2135 2954 imbecillimac
2155 2881 2233 2982 qni,

420 3008 613 3083 minimum
638 3005 832 3105 sanguini
871 2995 1145 3077 subministrat.
1208 2997 1329 3076 Cibus
1372 3009 1497 3079 eutem
1529 3004 1779 3106 fflarissimae
1816 2999 2004 3077 materiac'
2036 3008 2112 3099 est,
2155 3005 2233 3105 qui,

420 3131 590 3235 quamvis
616 3127 774 3205 multum
802 3125 969 3203 alimenti
998 3129 1153 3228 corpori
1181 3122 1471 3202 subministrare
1485 3130 1622 3228 possit,
1650 3133 1787 3222 tamen,
1809 3130 1897 3230 quia
1910 3124 2128 3203 difficillime
2143 3152 2234 3202 con·

421 3258 615 3358 coquitur,
650 3279 729 3343 non
763 3248 1037 3329 subministrat.
1089 3253 1215 3353 Igitur
1245 3249 1285 3326 bi
1318 3254 1382 3354 qui
1414 3249 1664 3328 valentissimi
1702 3252 1967 3349 existimantur
1999 3247 2089 3349 cibi,
2130 3250 2235 3327 velet

419 3381 599 3456 assatura
629 3378 921 3482 iumigiumque,
960 3378 1104 3474 tamcn,
1145 3373 1212 3452 ubi
1245 3373 1489 3489 ventriculus,
1509 3402 1589 3451 non
1616 3375 1856 3451 firmissimus
1884 3376 1961 3471 est,
2002 3374 2250 3490 nonfsolum.

420 3507 576 3605 corpori
601 3502 695 3579 nibil
722 3504 902 3604 prosunt,
929 3519 1058 3578 rerum
1086 3504 1198 3579 etiam
1225 3507 1381 3597 nocent,
1416 3497 1518 3603 quod
1550 3526 1629 3577 non
1656 3499 1794 3577 accidit
1819 3504 1859 3576 in
1886 3496 2126 3613 imbecilliori
2157 3513 2245 3577 mai

420 3633 516 3707 teria
542 3627 644 3706 velut
670 3623 840 3703 oleribus
866 3622 1074 3704 tenoribus.
1155 3672 1158 3676 -

1224 3746 1257 3796 ο

1096 3867 1284 3928 Cenddmtm
1304 3867 1380 3928 cibus
1395 3867 1558 3948 vegetabilis.

556 4004 718 4078 Omnem
732 4027 824 4077 vero
842 3995 965 4076 cibum
982 3997 1236 4102 vegetsbsscm
1252 4002 1502 4102 gravissimae
1520 4000 1700 4075 materiae
1720 4023 1808 4076 esse
1827 4005 1864 4074 et
1877 3997 2050 4100 proinde.
2078 4002 2121 4076 ut
2147 4026 2233 4101 per·

315 4158 318 4165 ’
421 4128 521 4205 fecte
543 4126 680 4241 confici
706 4127 850 4227 possit,
878 4124 1019 4201 diutius
1037 4130 1077 4201 ιιι
1095 4123 1305 4223 ventriculo
1334 4148 1448 4227 quam
1466 4122 1665 4200 animalem
1684 4126 1826 4201 morari
1860 4120 2095 4200 dictumest:
2121 4153 2233 4228 prae·
2291 4128 2295 4135 ’

133 4244 137 4257 ’
286 4283 289 4288 ’
419 4261 527 4330 terea
536 4246 798 4328 imbecillimae
809 4276 893 4341 eum
903 4252 1084 4328 materiae
1096 4277 1182 4327 esse
1194 4275 1295 4325 nunc
1306 4237 1472 4353 adjicere
1484 4253 1671 4346 convenit.
1702 4244 1905 4324 Contraria
1916 4235 2234 4351 sercSpallanza·

420 4378 509 4454 nius
532 4374 710 4472 eredidit,
740 4400 824 4450 cum
853 4388 1000 4472 omnem
1028 4366 1152 4452 cibum
1179 4368 1441 4475 vegetabssem'
1459 4379 1567 4475 prius
1600 4402 1712 4478 equam
1739 4370 1938 4448 animalem
1966 4360 2090 4475 digeri
2118 4368 2231 4450 ‹lic'at

421 4504 688 4579 Verumtamen
715 4526 811 4603 quas
837 4503 877 4577 iu
904 4503 1173 4601 experimentis
1203 4504 1226 4578 7
1257 4504 1295 4575 et
1322 4502 1346 4575 9
1375 4495 1522 4604 subjeci
1556 4500 1816 4600 experientias
1846 4494 2029 4598 probant,
2067 4497 2259 4575 frustula

421 4623 598 4705 tuberum
626 4624 749 4702 solani
776 4622 949 4703 tuberosi
977 4635 1015 4701 et
1040 4624 1209 4703 radicum
1237 4623 1347 4700 dauci
1374 4632 1527 4702 ceretae
1554 4624 1788 4700 immutata'
1775 4650 1816 4698 ιιι
1847 4621 2057 4714 ventriculo
2096 4647 2231 4701 canum

377 4792 380 4799 ·
423 4761 462 4832 et
486 4751 617 4828 felium
644 4776 866 4853 superesse,
894 4759 1098 4856 postquam
1126 4776 1262 4825 carnes
1290 4754 1443 4849 penitus
1471 4747 1646 4851 digestae
1659 4749 1765 4847 sunt,
1792 4749 1998 4866 ipsumque
2005 4762 2152 4853 panem
2148 4756 2233 4824 tar·

422 4870 537 4961 clius
537 4901 651 4954 carne
679 4872 822 4995 digeri}
868 4876 1077 4959 Praeterea
1103 4901 1154 4952 ex
1180 4860 1550 4964 observationibus)
1538 4898 1596 4947 ιιι
1592 4899 1665 4961 me
1690 4877 1801 4975 ipso
1797 4872 2107 4973 iustitutispatet
2120 4878 2231 4950 etiam

422 4998 610 5077 bominem
636 4986 816 5079 elimenta
840 4997 1088 5102 vegetabilia,
1130 5001 1303 5101 quemvis
1318 5002 1376 5074 ιιι
1404 5000 1535 5074 cerere
1562 5014 1658 5074 non
1666 4996 1819 5099 possit,
1843 4994 1950 5074 terete
1970 5016 2232 5103 concoquere.
