4830 6188
1079 428 1137 519 15

193 621 326 701 boram
354 626 505 700 circiter
531 619 585 698 iel
612 618 774 722 largiter
799 623 840 696 in
868 616 1084 695 duodenum
1097 615 1255 696 affluere
1269 625 1442 722 poteram
1471 608 1750 725 sentirc,'quod
1781 628 1816 699 si
1848 626 2016 700 irrorare
2038 674 2042 683 ·

141 731 144 735 ¹
191 747 401 846 (Rieseln)
428 745 592 841 dixeris,
626 747 770 846 optime
797 758 895 848 qnae
923 739 1134 820 sentiebam
1161 748 1416 846 expresseris.
1442 856 1445 861 1

209 916 215 925 ·
325 873 435 955 Setis
447 875 549 949 enim
562 868 745 949 velociter
757 866 810 945 l'el
823 896 894 970 per
907 872 1031 945 totum
1044 872 1266 946 intestinum
1279 872 1394 946 tenum
1406 895 1529 971 usqne
1543 869 1592 947 ad
1604 897 1761 947 coecum
1780 868 1926 951 fluebat
1942 869 2015 950 ibi-

190 1024 266 1104 que
294 976 558 1077 coacervatum
584 992 694 1073 tarde
721 1019 792 1096 per
818 996 1041 1074 intestinum
1067 1021 1241 1071 crassum
1273 989 1497 1073 movebatur
1529 1020 1607 1071 nna
1638 1022 1724 1072 cnm
1756 993 1872 1095 cibis,
1915 1024 2014 1101 qnos
2136 999 2139 1003 ’
2213 1000 2216 1008 ’

191 1129 266 1204 etsi
292 1121 564 1227 provolventes
589 1145 660 1222 per
683 1122 907 1197 intestinum
934 1124 1050 1197 tanim
1076 1147 1155 1196 non
1182 1123 1357 1221 poteram
1383 1117 1561 1196 distincto
1588 1125 1785 1224 persequi,
1824 1125 2013 1201 intrantes

150 1264 155 1270 “
191 1256 318 1327 mnan
344 1252 385 1324 in
419 1275 575 1326 coecum
601 1225 697 1323 setis
724 1248 929 1347 perspicue
954 1241 1098 1325 lieebst
1124 1250 1280 1323 sentire.
1335 1243 1428 1322 inde
1455 1248 1581 1322 antem
1608 1248 1752 1323 motum
1780 1273 1932 1348 semper
1957 1249 2013 1325 te·
2114 1292 2117 1297 ·

190 1372 323 1451 rebam
350 1372 553 1453 molestum
581 1374 622 1448 et
647 1374 821 1473 opprime
848 1396 1073 1468 onerosum,
1101 1397 1263 1473 eumque
1290 1369 1354 1449 din
1382 1375 1586 1474 postquam
1601 1375 1744 1448 moveri
1763 1371 2011 1451 ventriculum
2084 1465 2086 1471 .

39 1536 48 1546 ·
190 1499 320 1603 felque
347 1494 465 1576 liuere
490 1520 571 1573 non
597 1494 762 1598 amplius
788 1493 1054 1593 animadverti,
1082 1491 1239 1576 videbor
1265 1495 1356 1575 mibi
1382 1499 1516 1599 operte
1542 1497 1697 1574 sentire.

694 1811 837 1882 Nereae
870 1812 996 1881 morbi
1028 1837 1115 1882 cam
1147 1812 1265 1883 rebec
1298 1817 1492 1883 externis.

319 2001 409 2074 Jnm
440 1999 561 2096 igitur
593 2023 690 2100 quae
724 2024 917 2098 spasmum
955 1995 1062 2073 illum
1101 1995 1465 2101 palpitationemque
1503 1995 1580 2074 coli
1618 1992 1841 2079 excitabant
1878 1996 2009 2089 eadem

157 2118 325 2232 ⁸sobrini
354 2146 506 2226 quoqne
533 2119 749 2198 movebant
806 2121 898 2213 Quo
926 2117 1173 2223 pertinebant
1199 2126 1360 2226 primum
1373 2121 1542 2200 remedia
1559 2119 1684 2198 alvum
1702 2119 1893 2216 ducentia,
1911 2148 2008 2224 quoe
2119 2120 2122 2124 ’

185 2245 276 2324 dum
303 2251 342 2325 in
357 2249 563 2324 ··intestinis
590 2249 682 2323 sunt
707 2273 788 2324 non
816 2242 970 2324 ciebant
997 2245 1148 2352 quidem
1175 2246 1464 2364 palpitationem
1490 2247 1606 2343 illam,
1633 2246 1890 2324 cerumtamen
1916 2250 2009 2347 post

182 2370 260 2448 alvi
300 2369 553 2475 dejectionem
585 2374 626 2447 et
665 2370 762 2448 bone
803 2367 1016 2477 febrimque
1055 2372 1168 2449 simul
1210 2370 1443 2450 excitabunt.
1497 2371 1620 2479 Cujus
1661 2376 1720 2450 rei
1760 2396 1878 2447 cansa
1916 2369 2006 2448 mibi

186 2496 336 2599 quidem
363 2501 403 2573 in
431 2522 479 2572 eo
496 2481 707 2574 'videbatur
733 2524 822 2574 esse
847 2501 993 2599 posito,
1034 2496 1140 2601 quod
1172 2497 1340 2576 remedia
1367 2496 1456 2575 dnm
1482 2498 1608 2576 alvum
1635 2496 1790 2574 solvunt
1816 2493 1927 2585 simul
1953 2491 2006 2571 iel

186 2617 393 2716 ducebant,
435 2619 613 2724 ejusque,
655 2620 758 2725 qnod
792 2649 944 2725 semper
975 2621 1145 2701 leniebat
1171 2627 1299 2702 motus
1327 2627 1499 2704 intestini
1525 2628 1665 2720 crassi,
1707 2624 1845 2725 postea
1871 2624 2005 2698 virium

184 2745 335 2846 hepatis
362 2745 564 2821 exhaustio
591 2743 792 2823 videbatur
817 2747 1001 2850 impedire
1029 2752 1292 2827 secretionem.

316 2868 421 2946 ldem
450 2874 586 2967 evenit,
615 2898 700 2949 cnm
727 2875 828 2948 inter
856 2872 1155 2951 defaecationem
1180 2878 1353 2952 intestini
1368 2878 1491 2951 crassi
1517 2871 1750 2950 ventriculus
1777 2866 1875 2950 cibis
1903 2874 2005 2948 exci·
2047 2857 2048 2860 ¹

184 2992 355 3091 tabotur,
383 2999 449 3099 qni
475 2999 767 3098 antagonismus
794 2998 994 3076 ventriculi
1019 3003 1135 3104 atque
1162 3003 1334 3079 intestini
1361 3005 1467 3077 coeci
1494 3002 1614 3077 mirus
1640 3000 1846 3100 pariterue
1863 3022 2005 3072 merno-

182 3116 319 3197 rubilis
352 3119 496 3198 tamdiu
528 3122 719 3217 constitit,
761 3148 874 3225 qnam
907 3150 1020 3229 quoe·
1037 3125 1252 3203 ventriculo
1278 3121 1574 3202 continebantur
1600 3126 1723 3200 totum
1750 3119 1920 3199 canalem
1945 3123 2004 3196 in-

72 3256 75 3261 ’
182 3249 410 3324 testinorom
437 3251 725 3350 peragrassent.
782 3247 912 3339 Quum
939 3255 1038 3327 enim
1066 3253 1226 3328 invicem
1252 3251 1489 3330 ventriculus
1515 3254 1557 3329 et
1581 3252 1803 3327 intestinum
1831 3271 2003 3323 crassum

182 3371 311 3449 officia
338 3398 410 3449 suo
433 3370 680 3473 impedirent,
720 3371 881 3469 lactum,
910 3376 953 3450 ot
986 3373 1063 3453 cibi
1089 3381 1128 3451 iu
1156 3374 1224 3453 illo
1252 3405 1332 3454 non
1362 3380 1457 3453 satis
1484 3374 1644 3479 digesti,
1673 3400 1789 3480 qnnm
1814 3373 2004 3449 intrarent

180 3495 272 3591 boc,
313 3496 538 3603 plerumque
578 3523 774 3600 spasmum
811 3497 918 3577 illum
958 3498 1019 3579 vel
1059 3499 1309 3605 palpitantem
1342 3504 1486 3579 tobim
1521 3504 1587 3606 qui
1619 3496 1756 3579 febrim
1789 3488 2002 3574 atterebant

126 3659 136 3666 ·
179 3623 406 3709 enatarem.
1054 3635 1057 3640 ’
1257 3684 1263 3696 .
1804 3692 1808 3697 .

314 3742 467 3824 Etenim
493 3750 538 3826 ut
560 3747 725 3827 idonens
752 3751 794 3827 et
818 3750 908 3852 apte
934 3748 1047 3828 tieret
1080 3756 1209 3831 metm
1241 3752 1502 3856 peristalticns
1534 3753 1707 3830 intestini
1736 3752 1858 3827 cressi
1885 3747 2000 3849 atque

179 3867 394 3947 defaecatio
413 3871 594 3973 ,perfecta
619 3871 792 3952 ciborum
820 3879 1110 3972 concoctornm,
1137 3882 1397 3956 necessarium
1423 3883 1556 3983 ntique
1582 3881 1668 3956 erat
1692 3871 1940 3983 ventriculum
1958 3873 1998 3946 in

180 3993 392 4096 digerendo
420 4022 501 4073 uon
526 3992 694 4095 turbari,
720 3999 825 4104 qnod
851 4005 918 4106 qui
943 4001 1085 4080 foetum
1114 4006 1213 4101 erat,
1241 4031 1393 4108 sempor
1421 4003 1545 4111 qualis
1570 4000 1766 4096 valetudo,
1800 4023 1914 4102 quum
1941 3999 1999 4071 in·

100 4126 102 4131 ’
180 4124 353 4198 aanor
378 4116 455 4205 cibi
481 4124 704 4199 intestinum
732 4151 907 4224 coecum,
935 4127 1223 4225 essetvontnro,
1249 4157 1312 4206 me
1339 4127 1515 4207 docebat.
1569 4124 1999 4205 Totaenimintostino-

140 4237 150 4246 “
179 4270 265 4321 rum
292 4242 439 4322 functio
468 4246 622 4351 qnando
648 4251 849 4329 ventriculi
873 4279 1011 4330 munus
1039 4257 1123 4331 erat
1152 4253 1373 4356 impeditum
1405 4257 1560 4332 nonnisi
1591 4249 1743 4330 dnobus
1776 4245 1911 4327 diebus
1937 4271 1998 4339 ro·

163 4367 244 4446 ,oei
274 4365 426 4473 quibet,
467 4377 646 4474 quoniam
677 4376 902 4454 intestinum
938 4403 1112 4455 ameum
1144 4383 1225 4457 tum
1258 4379 1425 4478 demum,
1467 4405 1582 4484 quum
1614 4379 1788 4456 exissent
1814 4370 1890 4452 cibi
1917 4395 1996 4447 non

179 4497 276 4572 sotis
303 4495 480 4573 concocli
503 4494 645 4600 aliique
669 4503 882 4579 nunant
905 4498 1006 4580 bone
1033 4502 1194 4605 digesti,
1234 4505 1284 4582 ad
1311 4505 1546 4584 functionem
1572 4503 1742 4608 perfeeto
1768 4524 1901 4579 anem
1928 4492 1996 4573 ab·

179 4616 400 4696 solvendam
422 4617 701 4701 revertebatun
755 4627 925 4704 Vocnum
952 4631 1077 4705 antem
1104 4626 1220 4706 colon
1241 4630 1406 4706 eundem
1432 4629 1514 4707 iere
1542 4655 1735 4733 spasmum
1762 4624 1994 4725 eandemque

180 4742 486 4845 palpitationem,
513 4775 560 4826 ae
586 4748 739 4852 quando
767 4748 844 4832 eibi
871 4780 950 4834 non
978 4756 1073 4832 satis
1101 4757 1276 4833 eoncocti
1302 4752 1521 4835 transibant
1547 4756 1686 4837 effecit.
1756 4770 1761 4781 ‘
