4830 6188
1101 481 1134 554 V

201 669 409 763 interioris,
437 686 535 770 qnae
559 662 660 738 inter
680 660 835 778 signum
849 661 889 733 ct
906 680 987 733 rem
1008 653 1263 760 significatam
1278 653 1543 752 intercederet,
1570 619 1862 735 necessitudinis
1880 656 2027 762 pignu's

230 838 251 888 r
296 806 393 888 buit.
485 868 494 895 ‚.

202 836 297 915 W
337 951 455 1056 Atqui
481 951 522 1024 in
547 944 622 1022 hac
648 938 800 1047 quidem
827 941 993 1018 maxima
1007 967 1049 1018 re
1063 938 1401 1044 physiologornm,
1430 940 1496 1042 qni
1512 964 1613 1015 nunc
1632 949 1739 1038 sunt,
1767 945 2028 1044 experimenta

202 1119 229 1172 a
255 1096 426 1173 veterum
451 1088 680 1188 haruspiciis
708 1081 869 1179 distant,
898 1081 1002 1187 quod
1029 1109 1080 1160 ex
1104 1081 1182 1160 illis
1209 1083 1362 1158 interna
1388 1106 1434 1157 ac
1461 1088 1654 1183 perpetua·
1679 1110 1878 1161 cansarum
1907 1088 1946 1161 et
1962 1082 2028 1161 el·
2145 1102 2148 1110 ·

201 1237 371 1316 lectnum
397 1231 565 1310 vitalium
591 1223 836 1305 necessitudo
864 1231 903 1304 ct
928 1227 1131 1326 praeterea
1155 1226 1276 1301 totins
1301 1227 1400 1300 ritae
1426 1250 1636 1327 processus
1670 1229 1820 1327 penitus
1846 1225 2028 1328 intelligi-

201 1383 279 1457 tnr.
334 1379 507 1480 Namque
533 1370 735 1474 antequam
763 1391 814 1444 ex
840 1368 1079 1449 internorum
1107 1391 1342 1469 organorum
1375 1367 1481 1443 statu
1509 1373 1547 1442 et
1573 1363 1707 1444 habitu
1740 1365 1885 1472 aliquid
1915 1391 2056 1468 prae*

46 1579 50 1585 -
202 1500 466 1598 nunciabimm
492 1509 555 1590 vel
580 1534 805 1614 arguemus,
832 1502 1152 1610 perlustrabimus
1178 1533 1306 1586 rernm
1333 1509 1579 1585 externarum
1607 1510 1647 1586 et
1671 1502 1921 1609 internarum,
1949 1518 2026 1586 tam

203 1657 459 1765 praesentium
487 1677 601 1757 quam
626 1654 928 1756 praeteritarum,
955 1675 1098 1753 veram-
1112 1647 1392 1728 cohaerentiam
1420 1646 1761 1758 condicionesque,
1779 1641 1853 1728 'ex
1886 1646 2024 1754 quibus

206 1803 378 1879 diversae
405 1796 675 1876 intestinorum
701 1794 872 1883 rationes
900 1817 1055 1871 manare
1081 1793 1251 1897 possint,
1278 1794 1323 1869 ut
1348 1788 1510 1893 proinde
1538 1818 1635 1897 quae
1661 1792 1762 1872 unde
1781 1791 2025 1896 colligantur,

202 1945 300 2023 satis
328 1942 436 2020 certo
463 1934 637 2015 nitantur
661 1931 924 2014 fundamento.
1490 1924 1511 1940 “

314 2081 445 2187 ιἸἰιίἰει
471 2105 563 2158 vero
590 2076 792 2156 rationalis
819 2081 991 2179 cognitio
1024 2099 1158 2154 omnes
1190 2073 1361 2154 medicos
1385 2080 1426 2155 in
1461 2076 1713 2184 dijudicandis
1745 2068 1920 2156 medendi
1953 2082 2025 2177 riis

200 2225 342 2335 ducere
368 2217 496 2302 debet
549 2222 736 2298 Nimirum
761 2216 869 2295 multi
896 2221 988 2296 sunt
1014 2242 1065 2295 ex
1093 2221 1360 2328 empiricorum
1386 2215 1517 2315 turba,
1562 2226 1627 2325 qui
1660 2247 1868 2323 processus
1900 2219 2025 2298 vitalis

199 2340 427 2445 rationalem
454 2357 777 2442 uecessitudinem
803 2357 1008 2463 negligant
1035 2356 1150 2458 adeo,
1178 2366 1221 2436 ut
1247 2385 1359 2437 omna
1385 2358 1471 2465 ejus
1497 2363 1747 2441 inveniendae
1776 2360 1942 2441 studium
1962 2389 2025 2441 sn·
2153 2373 2156 2377 ’

199 2533 475 2613 pervacaneum
501 2501 712 2622 inutileque
738 2504 891 2604 putent,
915 2502 1047 2606 atque
1081 2499 1131 2579 ad
1165 2502 1438 2603 experientiam
1470 2528 1578 2580 snam
1609 2532 1795 2608 usumque
1828 2508 1912 2607 sina
1943 2502 2024 2583 ullo
2131 2599 2134 2602 g

197 2652 359 2730 rationis
387 2646 609 2751 ordinisque
636 2670 763 2723 rernm
790 2652 971 2745 respectu
997 2640 1152 2721 assidua
1177 2639 1458 2740 incumbentes,
1485 2647 1628 2726 temere
1655 2674 1706 2725 ex
1719 2647 2024 2728 oausaellectunr

198 2796 239 2872 ct
265 2819 316 2870 ex
343 2788 482 2895 ellectu
514 2812 669 2864 causam
697 2784 902 2889 colligant,
945 2788 1118 2891 quamuis
1151 2811 1288 2865 revera
1319 2783 1461 2864 nnllam
1493 2791 1592 2867 inter
1626 2817 1668 2866 so
1702 2786 1868 2867 habeant
1899 2814 2023 2913 usque

27 3048 31 3055 Ι
199 2929 522 3013 necessitudinem
549 2953 675 3037 neque
701 2930 941 3056 reciprocum
968 2930 1107 3006 ortum.
1162 2929 1213 3004 ili
1240 2934 1364 3006 antem
1397 2927 1534 3006 medici
1566 2932 1722 3008 omnino
1754 2928 2023 3033 haruspicibus
2111 2980 2116 2985 -
2200 2934 2203 2938 ’

46 3156 52 3165 ,
199 3072 445 3186 comparandi
472 3072 574 3169 aunt,
604 3072 745 3175 quippe
773 3094 935 3175 quornm
954 3069 1213 3172 experientia,
1241 3064 1375 3144 eodem
1401 3070 1516 3146 modo
1545 3076 1648 3149 omni
1675 3072 1854 3152 rationali
1887 3071 2024 3150 lunda·
2065 3056 2073 3065 ’

197 3217 326 3294 mento
355 3241 509 3312 carens,
535 3210 630 3290 nibil
658 3215 811 3290 sitnisi
838 3214 1039 3315 mysticum
1067 3207 1283 3306 arbitrium,
1317 3209 1541 3316 conjectura
1568 3211 1780 3312 effectum,
1806 3214 1909 3320 quod
1938 3242 2021 3292 cnm

197 3385 276 3434 uon
303 3361 343 3434 in
372 3359 508 3462 quovis
535 3380 630 3432 casn
655 3357 756 3432 rotis
776 3352 1036 3457 respondeat,
1077 3348 1159 3429 abit
1197 3354 1238 3428 in
1262 3378 1360 3429 vana
1379 3345 1540 3447 consilia
1575 3353 1773 3461 falsasque
1806 3363 2020 3460 opiniones,

118 3566 121 3571 .
199 3528 246 3578 ao
273 3497 592 3602 periculosiores,
639 3522 717 3602 quo
745 3499 902 3598 saepius
930 3521 998 3575 eas
1024 3497 1065 3572 in
1091 3490 1335 3598 gravioribus
1361 3493 1536 3575 medendi
1563 3501 1634 3573 viis
1653 3502 1878 3604 sequnntur.
1932 3503 2023 3593 Ete-

48 3682 59 3699 ,
198 3646 276 3719 nim
302 3639 461 3721 morbos
488 3666 567 3717 non
594 3637 724 3736 aliter,
752 3632 864 3744 quain
890 3635 1116 3739 haruspices
1141 3634 1354 3714 hostiarum
1373 3645 1480 3734 exta,
1509 3634 1832 3743 contemplantur,
1861 3641 2022 3746 diagno-

200 3788 260 3860 sin
288 3785 328 3860 at
354 3785 571 3886 prognosin
598 3807 649 3860 ex
675 3777 837 3860 arbitrio
867 3778 1121 3879 constituunt,
1148 3808 1227 3858 non
1255 3806 1305 3857 cx
1333 3783 1624 3885 symptomatum
1651 3781 1846 3891 intellectu
1875 3783 1943 3862 scd
1971 3813 2022 3865 ox

148 4026 153 4034 ᾗ
200 3926 448 4021 divinatione,
475 3922 699 4028 conjectura
725 3925 929 4028 causisque
957 3923 1239 4018 commentitiis,
1267 3948 1365 4026 quaa
1391 3947 1515 4026 neque
1542 3927 1638 4024 ipsis
1665 3952 1789 4030 neque
1817 3924 1903 4003 aliis
1919 3924 2020 4028 'pro-
2131 3954 2133 3961 ·

198 4063 350 4144 habiles
376 4066 483 4163 sunt,
512 4065 570 4141 sic
595 4065 640 4140 nt
664 4062 840 4142 medendi
867 4062 1067 4141 methodus
1092 4062 1182 4141 inde
1209 4065 1331 4165 petita
1342 4090 1422 4140 non
1436 4062 1619 4173 majoram
1632 4062 1772 4143 habeat
1788 4093 1871 4146 cnm
1885 4067 2020 4148 morbo

197 4194 537 4321 necessitudinem,
566 4231 679 4310 quam
706 4202 964 4308 haruspicium
993 4222 1078 4282 cum
1105 4208 1222 4305 entis,
1251 4214 1364 4310 atque
1384 4211 1507 4282 omnis
1520 4207 1616 4286 haec
1633 4206 1823 4286 medicina
1842 4217 2022 4315 empirica

199 4378 284 4428 onm
310 4348 556 4451 haruspicina
573 4346 688 4449 plane
707 4354 907 4450 congruat.
963 4348 1066 4440 Quis
1083 4349 1274 4450 spondeat
1295 4375 1423 4426 veram
1448 4374 1534 4426 essa
1557 4353 1793 4452 prognosin,
1837 4379 1921 4430 cnm
1940 4353 2022 4432 dia·

196 4496 335 4597 gnosis
363 4491 469 4567 certa
496 4485 658 4592 quadam
686 4487 919 4595 dijudicandi
949 4494 1100 4568 ratione
1140 4491 1294 4569 careat?
1332 4515 1444 4595 qnam
1477 4487 1589 4568 tidem
1621 4493 1814 4571 mereatur
1845 4493 2021 4574 medendi

197 4639 271 4731 via,
299 4658 396 4729 cnm,
423 4626 490 4708 uhi
515 4629 694 4709 remediis
720 4629 814 4709 nihil
840 4629 1060 4735 proliciunt,
1088 4631 1291 4737 aliaatqnc
1317 4629 1393 4709 alia
1419 4630 1670 4735 experiantur
1694 4633 1756 4713 vrel
1783 4643 1917 4739 priora
1943 4663 2021 4716 me·

130 4802 134 4811 ’
199 4778 411 4854 dicamcnta
436 4771 669 4875 interpolent
694 4801 818 4879 nequa
844 4771 964 4852 ullum
991 4783 1097 4854 oerto
1124 4771 1319 4879 pracsidio
1345 4773 1669 4861 soracontidant?
1720 4776 1887 4859 Irrident
1900 4785 2016 4876 certa,

199 4924 264 5025 qui
290 4940 393 4995 nuuc
420 4923 527 5013 sunt,
553 4918 724 4998 veterum
751 4917 1014 5000 credulitatem
1041 4917 1144 5025 apud
1170 4894 1338 5000 Plinium
1363 4918 1560 5027 legantem
1602 4920 1828 5027 »Siquidem
1853 4920 2018 5025 (anima-
