4830 6188
1064 427 1123 519 35

674 648 680 655 ·
764 680 767 692 ¹
889 614 1048 674 dirutione·
1070 617 1156 675 curnis
1178 616 1298 697 piscium.

110 910 114 919 ·
187 878 314 952 carnis
341 875 467 952 esocis
494 869 585 948 lucii
610 869 731 947 multo
758 869 928 974 majores
946 875 1054 965 sunt,
1082 897 1196 975 qnam
1208 867 1331 946 librae
1349 868 1851 952 muscularesmammalium
1865 883 2006 955 arium·

187 1028 279 1105 que,
313 997 417 1102 quod
444 1023 535 1073 curo
562 996 689 1073 esocis
716 992 807 1070 lucii
834 998 946 1071 coctu
970 992 1082 1098 (rig.
1118 996 1167 1094 6)
1204 995 1358 1090 evincit,
1399 992 1552 1073 eaedem
1583 998 1786 1096 pauciores
1821 1003 2005 1081 articulos
2100 1053 2111 1062 „.

186 1130 226 1202 et
250 1121 433 1202 ambitum
460 1102 584 1223 magis
617 1116 841 1221 angulatum
872 1114 1033 1218 babent3
1074 1122 1114 1195 iu
1147 1116 1425 1221 longitudinem
1458 1115 1670 1198 luculenter
1691 1127 1793 1218 sunt
1833 1128 2001 1206 striatas.

188 1251 321 1328 Striae
347 1243 664 1350 longitudinules,
692 1269 907 1349 quosquam
933 1248 974 1319 in
1001 1241 1254 1320 mammutium
1273 1241 1455 1347 musculis
1473 1269 1553 1318 non
1567 1243 1851 1347 desiderantur,
1879 1258 2004 1331 minus
2124 1332 2127 1337 ,

188 1376 409 1469 dbtincme,
436 1373 572 1448 centra
597 1375 646 1445 in
663 1371 824 1470 piscium
850 1365 1035 1445 musculis
1062 1367 1179 1443 striae
1204 1368 1446 1491 transuersae
1473 1365 1719 1446 obscuriores
1734 1373 2005 1478 suntlougitu·

188 1496 391 1577 dinalibus.
444 1497 489 1572 ln
516 1493 604 1572 telis
629 1491 841 1592 ventriculo
873 1489 995 1570 librae
1026 1490 1264 1567 massulanos
1296 1495 1423 1578 esocis
1454 1490 1545 1567 lucii
1577 1498 1676 1576 cocti
1710 1501 1873 1599 primum
1901 1528 2005 1580 nexu

188 1625 386 1725 privantur
411 1616 587 1714 laterali,
618 1615 792 1721 tiuesque
823 1616 932 1694 initio
965 1615 1120 1718 ungulis
1147 1617 1259 1692 acute
1285 1614 1417 1691 fractis
1445 1618 1717 1718 insigniuntur.
1773 1623 1886 1714 Quae
1914 1625 2004 1705 sub·

189 1748 358 1849 sequitur
372 1742 527 1839 solutio,
555 1740 759 1843 peculiaris
786 1744 858 1818 est
912 1739 1167 1842 Utplurimum
1193 1744 1233 1817 iu
1260 1735 1448 1816 lateribus
1474 1745 1636 1841 primurn
1664 1743 1825 1824 tissurao
1838 1747 2004 1853 majores
2073 1816 2079 1831 .

187 1875 426 1946 transuersae
454 1870 647 1962 emuntur,
675 1892 792 1968 saepe
819 1865 869 1943 ad
896 1868 1066 1943 centrum
1093 1890 1217 1967 usque
1240 1866 1469 1967 pergentes,
1490 1863 1609 1969 juxta
1618 1895 1717 1971 ques
1744 1868 1854 1948 tibra'
1869 1878 1920 1950 in¹
1933 1859 2005 1956 mi}
2101 1887 2104 1893 “

185 2021 303 2071 neres
334 1994 529 2095 frangitur
559 1989 783 2094 particulae.
842 1989 1000 2067 lusimul
1018 2022 1023 2033 ·
1038 1994 1164 2066 autem
1197 1985 1297 2075 libra
1328 1992 1430 2065 circa
1466 1993 1598 2091 partes
1637 1996 1848 2092 extremas,
1888 1999 2005 2104 juxt·

186 2146 338 2199 cursum
366 2123 542 2211 striarum
568 2113 921 2217 longitudinalium‚
962 2141 1059 2218 quae
1087 2116 1128 2191 in
1161 2112 1344 2190 musculis
1375 2111 1435 2189 rel
1469 2118 1589 2191 coctis
1621 2114 1839 2195 luculentus
1870 2118 2004 2203 distin·

127 2243 131 2248 ’
185 2246 376 2346 guantur,
401 2247 442 2320 in
469 2243 744 2343 perpetuitates
770 2263 982 2341 granorum
1009 2242 1105 2315 satis
1131 2264 1358 2340 magnorum
1387 2235 1584 2336 dilabitur,
1613 2267 1709 2344 quae
1733 2243 1915 2345 paulatim
1944 2278 2003 2330 se·
2094 2256 2098 2263 '

186 2372 401 2472 gregantur
428 2371 468 2446 et
495 2390 592 2470 quae
618 2369 659 2441 in
687 2362 799 2470 chylo
827 2366 888 2441 sat
914 2367 1130 2469 perspicue·
1144 2361 1429 2441 observantur·
1463 2404 1469 2415 ·

838 2668 842 2673 -
943 2617 1151 2706 Expertes.
1186 2619 1241 2688 ld.

518 2780 568 2801 ··
624 2762 629 2805 ¹.
695 2783 697 2787 ι
785 2738 1378 2824 bffectuspetusceticacindigesticncm
1446 2769 1462 2801 ι

2035 602 2059 673 l

321 751 460 827 Carnis
487 732 649 848 piscium
676 749 811 824 coctae
837 741 979 821 solutio
1006 748 1046 821 in
1073 744 1160 821 telis
1187 743 1397 822 ventriculo
1416 742 1650 849 aliquantum
1671 747 1810 835 differt.
1865 750 2004 832 Fibrae
2116 806 2119 810 -
2178 747 2193 863 ¹,
2311 764 2319 793 ¹

319 2874 453 2965 Quum·
477 2874 597 2973 igitur
610 2867 804 2966 eomodo,
833 2896 910 2975 quo
938 2867 1060 2949 librae
1087 2870 1323 2948 musculeres
1350 2864 1624 2965 dissolvantur,
1653 2868 1811 2975 majoris
1824 2880 2001 2956 minoris·
2046 2899 2048 2902 ⁴

28 3054 33 3073 .
184 3016 231 3077 re
248 3001 449 3101 gratim
476 2995 638 3077 iudicem
667 2994 981 3097 desumpsissem,
1009 2993 1214 3099 explorare
1241 2991 1389 3089 studui,
1416 3018 1506 3068 num
1534 3019 1669 3070 cauum
1683 2994 1850 3099 digestio
1869 3003 1998 3081 inluso

186 3124 331 3202 cuffeae
357 3128 489 3224 nigro,
517 3124 609 3223 post
634 3127 785 3223 pastum
811 3119 969 3218 hausto,
998 3117 1236 3216 turbaretur,
1266 3116 1368 3222 quod
1395 3117 1478 3199 tisri
1504 3120 1545 3193 iu
1571 3142 1631 3195 me
1657 3123 1745 3222 ipso
1771 3119 2000 3208 observare·

185 3277 279 3328 rum.
333 3244 501 3324 Proinde
535 3249 621 3320 caui
653 3247 782 3321 statim
813 3248 904 3346 pest
936 3243 1220 3322 devorationem
1246 3242 1433 3349 majorum
1460 3245 1587 3320 carnis
1616 3242 1826 3324 frustorurn
1853 3250 1997 3334 coffeae

184 3377 350 3454 infusum
384 3397 468 3447 cum
501 3366 612 3446 lactis
648 3367 819 3471 pauxillo
853 3365 992 3467 obtuli,
1032 3396 1143 3474 quem
1180 3374 1272 3472 post
1308 3368 1424 3446 boras
1465 3395 1537 3446 sex
1573 3369 1761 3448 interfeci.
1815 3375 2010 3478 Digestis-

185 3500 334 3604 quidem
361 3495 478 3574 solite
500 3497 629 3595 magis
654 3492 866 3590 retardata,
893 3493 963 3571 sed
988 3492 1126 3573 modus
1153 3493 1357 3573 solutionis
1383 3497 1511 3572 caruis
1538 3497 1577 3568 in
1605 3497 1817 3574 ventriculo
1844 3505 1884 3577 et
1901 3507 1997 3583 iute-

185 3626 286 3699 atino
313 3622 412 3697 idem
437 3620 519 3698 fere
547 3614 769 3722 apparebat
825 3618 957 3709 Quum
984 3618 1130 3697 coli'eue
1160 3618 1327 3697 infusum
1355 3646 1377 3695 e
1404 3616 1614 3696 ventriculo
1647 3619 1736 3698 inde
1769 3618 2010 3729 absorptum·

184 3773 271 3825 csse
295 3749 508 3848 posteaque
535 3743 789 3844 digestionem
816 3740 942 3819 solite
960 3771 1066 3822 more
1092 3748 1331 3845 processisse
1350 3747 1585 3845 suspicarer,
1612 3749 1697 3822 caui
1715 3745 1828 3824 alicui
1842 3776 1994 3843 emnem

183 3875 375 3953 maenam
402 3867 572 3971 horaque
601 3866 756 3943 dimidiu
781 3866 920 3968 elapsa
939 3868 1105 3947 infusum
1133 3866 1277 3945 coffeae
1303 3864 1482 3970 praebui,
1511 3872 1660 3969 etpost
1686 3875 1851 3973 quatuor
1877 3875 2010 3957 borus-
2130 3930 2137 3938 -

184 4025 269 4075 eum
295 3996 439 4072 notavi·
492 3995 640 4093 Magus
665 3997 790 4068 carnis
816 4017 910 4093 pars
935 3991 995 4069 rel
1021 4019 1155 4096 parum
1185 3991 1245 4070 rel
1277 3989 1372 4085 nibil
1397 3995 1543 4069 mutata
1565 3997 1606 4069 in
1637 3989 1770 4070 tubum
1796 4001 1995 4081 intestina.

182 4122 257 4199 lem
285 4112 552 4211 descenderat,
584 4118 649 4190 ita-
664 4116 832 4217 quidem,
870 4118 914 4193 ut
939 4116 989 4194 ad
1016 4144 1172 4196 coecum
1198 4144 1320 4220 usque
1346 4113 1467 4194 librae
1493 4121 1669 4220 integrae
1697 4116 1841 4220 carnis,
1882 4127 1993 4233 cnjus

184 4249 354 4346 exigua
378 4245 524 4318 tantum
552 4266 643 4342 pars
676 4240 830 4342 digesta
861 4267 948 4318 esse
979 4245 1150 4343 poterat,
1180 4230 1461 4344 invenirentur,
1498 4247 1539 4318 in
1578 4239 1717 4347 quibus
1749 4251 1993 4355 microscepil
2064 4255 2072 4278 “

183 4398 257 4473 ope
289 4369 503 4472 perexigua
534 4363 738 4443 solutionis
770 4369 933 4468 vestigia
958 4362 1264 4468 reperiebantur,
1305 4394 1420 4471 quum
1451 4357 1568 4445 solito
1601 4394 1705 4447 more
1737 4368 1820 4476 jam
1852 4377 1893 4452 iu
1922 4376 1991 4455 illo

182 4493 302 4573 librae
328 4517 488 4569 carneae
514 4485 784 4568 dilaberentur.
807 4521 810 4525 ·
847 4519 849 4525 ·

873 4692 1300 4711 w
