<?xml version="1.0" encoding="UTF-8"?>
<!DOCTYPE html PUBLIC "-//W3C//DTD XHTML 1.0 Transitional//EN"
    "http://www.w3.org/TR/xhtml1/DTD/xhtml1-transitional.dtd">
<html xmlns="http://www.w3.org/1999/xhtml" xml:lang="en" lang="en">
 <head>
  <title>
</title>
<meta http-equiv="Content-Type" content="text/html;charset=utf-8" />
  <meta name='ocr-system' content='tesseract 3.04.00' />
  <meta name='ocr-capabilities' content='ocr_page ocr_carea ocr_par ocr_line ocrx_word'/>
</head>
<body>
  <div class='ocr_page' id='page_1' title='image "./dealimentorumco00schgoog_0032.png"; bbox 0 0 4830 6188; ppageno 0'>
   <div class='ocr_carea' id='block_1_1' title="bbox 895 456 1119 543">
    <p class='ocr_par' dir='ltr' id='par_1_1' title="bbox 895 456 1197 592">
     <span class='ocr_line' id='line_1_1' title="bbox 895 456 1119 543; baseline 0.003 -1"><span class='ocrx_word' id='word_1_1' title='bbox 895 456 1119 543; x_wconf 66' lang='grc' dir='ltr'>«ιι</span> 
     </span>
    </p>
   </div>
   <div class='ocr_carea' id='block_1_2' title="bbox 570 714 1728 819">
    <p class='ocr_par' dir='ltr' id='par_1_2' title="bbox 570 714 1728 819">
     <span class='ocr_line' id='line_1_2' title="bbox 570 714 1728 819; baseline 0 -22"><span class='ocrx_word' id='word_1_2' title='bbox 570 714 786 807; x_wconf 72' lang='lat' dir='ltr'>Metdodua</span> <span class='ocrx_word' id='word_1_3' title='bbox 820 727 1006 795; x_wconf 80' lang='lat' dir='ltr'>medendi</span> <span class='ocrx_word' id='word_1_4' title='bbox 1039 751 1087 794; x_wconf 74' lang='lat' dir='ltr'>ex</span> <span class='ocrx_word' id='word_1_5' title='bbox 1119 739 1266 795; x_wconf 81' lang='lat' dir='ltr'>actore</span> <span class='ocrx_word' id='word_1_6' title='bbox 1299 731 1429 798; x_wconf 79' lang='lat' dir='ltr'>morbi</span> <span class='ocrx_word' id='word_1_7' title='bbox 1455 733 1625 819; x_wconf 69' lang='lat' dir='ltr'>petite·</span> <span class='ocrx_word' id='word_1_8' title='bbox 1725 776 1728 780; x_wconf 90' lang='lat'><em>-</em></span> 
     </span>
    </p>
   </div>
   <div class='ocr_carea' id='block_1_3' title="bbox 48 873 2255 2586">
    <p class='ocr_par' dir='ltr' id='par_1_3' title="bbox 48 873 2255 2586">
     <span class='ocr_line' id='line_1_3' title="bbox 301 873 1996 996; baseline 0.004 -25"><span class='ocrx_word' id='word_1_9' title='bbox 301 873 833 988; x_wconf 52' lang='grc' dir='ltr'>1(ὶιιὶἰιιιιιιιιιιιιιιιῐοιιίὶιιιιι</span> <span class='ocrx_word' id='word_1_10' title='bbox 860 893 1064 993; x_wconf 89' lang='lat' dir='ltr'>postquam</span> <span class='ocrx_word' id='word_1_11' title='bbox 1091 917 1137 967; x_wconf 89' lang='lat' dir='ltr'>eo</span> <span class='ocrx_word' id='word_1_12' title='bbox 1165 889 1280 966; x_wconf 90' lang='lat' dir='ltr'>modo</span> <span class='ocrx_word' id='word_1_13' title='bbox 1307 890 1479 968; x_wconf 78' lang='lat' dir='ltr'><strong>intellexi</strong></span> <span class='ocrx_word' id='word_1_14' title='bbox 1505 919 1630 970; x_wconf 84' lang='lat' dir='ltr'>veram</span> <span class='ocrx_word' id='word_1_15' title='bbox 1659 898 1852 996; x_wconf 49' lang='lat' dir='ltr'>originem,</span> <span class='ocrx_word' id='word_1_16' title='bbox 1871 897 1996 989; x_wconf 82' lang='lat' dir='ltr'>morbi</span> 
     </span>
     <span class='ocr_line' id='line_1_4' title="bbox 140 998 1997 1123; baseline 0.003 -28"><span class='ocrx_word' id='word_1_17' title='bbox 140 1088 145 1095; x_wconf 87' lang='lat'><em>.</em></span> <span class='ocrx_word' id='word_1_18' title='bbox 184 1029 274 1116; x_wconf 86' lang='lat' dir='ltr'>mei,</span> <span class='ocrx_word' id='word_1_19' title='bbox 302 1048 380 1097; x_wconf 90' lang='lat' dir='ltr'>non</span> <span class='ocrx_word' id='word_1_20' title='bbox 408 1016 563 1096; x_wconf 85' lang='lat' dir='ltr'>difficile</span> <span class='ocrx_word' id='word_1_21' title='bbox 589 1013 791 1103; x_wconf 81' lang='lat' dir='ltr'>ridebatur</span> <span class='ocrx_word' id='word_1_22' title='bbox 818 1019 959 1091; x_wconf 81' lang='lat' dir='ltr'>certam</span> <span class='ocrx_word' id='word_1_23' title='bbox 987 1013 1162 1121; x_wconf 86' lang='lat' dir='ltr'>medendi</span> <span class='ocrx_word' id='word_1_24' title='bbox 1188 1019 1285 1090; x_wconf 84' lang='lat' dir='ltr'>riam</span> <span class='ocrx_word' id='word_1_25' title='bbox 1312 1014 1468 1117; x_wconf 79' lang='lat' dir='ltr'><strong>eligere.</strong></span> <span class='ocrx_word' id='word_1_26' title='bbox 1522 1017 1568 1092; x_wconf 89' lang='lat' dir='ltr'>ld</span> <span class='ocrx_word' id='word_1_27' title='bbox 1593 1023 1691 1093; x_wconf 83' lang='lat' dir='ltr'>enim</span> <span class='ocrx_word' id='word_1_28' title='bbox 1704 998 1785 1123; x_wconf 85' lang='lat' dir='ltr'>jem</span> <span class='ocrx_word' id='word_1_29' title='bbox 1805 1024 1895 1099; x_wconf 90' lang='lat' dir='ltr'>mibi</span> <span class='ocrx_word' id='word_1_30' title='bbox 1914 1028 1997 1101; x_wconf 86' lang='lat' dir='ltr'>erat</span> 
     </span>
     <span class='ocr_line' id='line_1_5' title="bbox 48 1124 2245 1250; baseline -0 -26"><span class='ocrx_word' id='word_1_31' title='bbox 48 1128 75 1163; x_wconf 35' lang='lat'>&#39;¹</span> <span class='ocrx_word' id='word_1_32' title='bbox 184 1171 426 1250; x_wconf 88' lang='lat' dir='ltr'>persuasum,</span> <span class='ocrx_word' id='word_1_33' title='bbox 454 1135 580 1218; x_wconf 85' lang='lat' dir='ltr'>reram</span> <span class='ocrx_word' id='word_1_34' title='bbox 607 1137 727 1217; x_wconf 80' lang='lat' dir='ltr'>febris</span> <span class='ocrx_word' id='word_1_35' title='bbox 754 1167 860 1217; x_wconf 87' lang='lat' dir='ltr'>meae</span> <span class='ocrx_word' id='word_1_36' title='bbox 888 1165 1060 1236; x_wconf 86' lang='lat' dir='ltr'>causam,</span> <span class='ocrx_word' id='word_1_37' title='bbox 1093 1138 1196 1243; x_wconf 87' lang='lat' dir='ltr'>quod</span> <span class='ocrx_word' id='word_1_38' title='bbox 1228 1164 1419 1242; x_wconf 85' lang='lat' dir='ltr'>nunquam</span> <span class='ocrx_word' id='word_1_39' title='bbox 1446 1168 1468 1218; x_wconf 92' lang='lat' dir='ltr'>e</span> <span class='ocrx_word' id='word_1_40' title='bbox 1494 1136 1711 1238; x_wconf 74' lang='lat' dir='ltr'>ventriculi,</span> <span class='ocrx_word' id='word_1_41' title='bbox 1745 1145 1815 1225; x_wconf 88' lang='lat' dir='ltr'>sed</span> <span class='ocrx_word' id='word_1_42' title='bbox 1847 1174 1997 1250; x_wconf 86' lang='lat' dir='ltr'>semper</span> <span class='ocrx_word' id='word_1_43' title='bbox 2073 1124 2074 1129; x_wconf 7' lang='grc' dir='ltr'><strong>Ἰ</strong></span> <span class='ocrx_word' id='word_1_44' title='bbox 2115 1142 2125 1197; x_wconf 75' lang='grc'>-’</span> <span class='ocrx_word' id='word_1_45' title='bbox 2238 1148 2245 1159; x_wconf 75' lang='lat'>‘</span> 
     </span>
     <span class='ocr_line' id='line_1_6' title="bbox 183 1259 2255 1370; baseline 0.001 -23"><span class='ocrx_word' id='word_1_46' title='bbox 183 1262 330 1346; x_wconf 71' lang='lat' dir='ltr'>tantem]</span> <span class='ocrx_word' id='word_1_47' title='bbox 364 1260 423 1344; x_wconf 72' lang='lat' dir='ltr'>ex&#39;</span> <span class='ocrx_word' id='word_1_48' title='bbox 448 1259 618 1342; x_wconf 86' lang='lat' dir='ltr'>intestini</span> <span class='ocrx_word' id='word_1_49' title='bbox 651 1269 771 1341; x_wconf 86' lang='lat' dir='ltr'>crassi</span> <span class='ocrx_word' id='word_1_50' title='bbox 804 1262 910 1339; x_wconf 85' lang='lat' dir='ltr'>laesa</span> <span class='ocrx_word' id='word_1_51' title='bbox 942 1262 1137 1340; x_wconf 80' lang='lat' dir='ltr'>functione</span> <span class='ocrx_word' id='word_1_52' title='bbox 1171 1266 1380 1360; x_wconf 87' lang='lat' dir='ltr'>emanaret,</span> <span class='ocrx_word' id='word_1_53' title='bbox 1421 1292 1545 1370; x_wconf 89' lang='lat' dir='ltr'>neque</span> <span class='ocrx_word' id='word_1_54' title='bbox 1583 1263 1679 1342; x_wconf 82' lang='lat' dir='ltr'>cibis</span> <span class='ocrx_word' id='word_1_55' title='bbox 1719 1266 1848 1347; x_wconf 83' lang='lat' dir='ltr'>aliisve</span> <span class='ocrx_word' id='word_1_56' title='bbox 1880 1269 1997 1349; x_wconf 88' lang='lat' dir='ltr'>rebus</span> <span class='ocrx_word' id='word_1_57' title='bbox 2102 1354 2105 1359; x_wconf 70' lang='grc'>,</span> <span class='ocrx_word' id='word_1_58' title='bbox 2252 1300 2255 1307; x_wconf 89' lang='grc'><strong>·</strong></span> 
     </span>
     <span class='ocr_line' id='line_1_7' title="bbox 133 1387 1997 1495; baseline 0.001 -25"><span class='ocrx_word' id='word_1_59' title='bbox 133 1440 137 1450; x_wconf 89' lang='grc'>-</span> <span class='ocrx_word' id='word_1_60' title='bbox 180 1394 314 1470; x_wconf 82' lang='lat' dir='ltr'>&#39;noxiis</span> <span class='ocrx_word' id='word_1_61' title='bbox 341 1397 449 1495; x_wconf 89' lang='lat' dir='ltr'>prius</span> <span class='ocrx_word' id='word_1_62' title='bbox 476 1417 588 1492; x_wconf 73' lang='lat' dir='ltr'>quem</span> <span class='ocrx_word' id='word_1_63' title='bbox 614 1389 689 1466; x_wconf 89' lang='lat' dir='ltr'>boc</span> <span class='ocrx_word' id='word_1_64' title='bbox 715 1388 803 1465; x_wconf 90' lang='lat' dir='ltr'>loco</span> <span class='ocrx_word' id='word_1_65' title='bbox 831 1388 1081 1484; x_wconf 85' lang='lat' dir='ltr'>excitaretur,</span> <span class='ocrx_word' id='word_1_66' title='bbox 1115 1413 1194 1463; x_wconf 91' lang='lat' dir='ltr'>non</span> <span class='ocrx_word' id='word_1_67' title='bbox 1221 1391 1261 1463; x_wconf 93' lang='lat' dir='ltr'>in</span> <span class='ocrx_word' id='word_1_68' title='bbox 1288 1387 1498 1464; x_wconf 84' lang='lat' dir='ltr'>ventriculo</span> <span class='ocrx_word' id='word_1_69' title='bbox 1527 1417 1613 1466; x_wconf 91' lang='lat' dir='ltr'>esse</span> <span class='ocrx_word' id='word_1_70' title='bbox 1640 1394 1823 1493; x_wconf 72' lang='lat' dir='ltr'>positum,</span> <span class='ocrx_word' id='word_1_71' title='bbox 1862 1396 1997 1472; x_wconf 90' lang='lat' dir='ltr'>sedin</span> 
     </span>
     <span class='ocr_line' id='line_1_8' title="bbox 184 1493 1999 1622; baseline -0.001 -28"><span class='ocrx_word' id='word_1_72' title='bbox 184 1520 358 1595; x_wconf 87' lang='lat' dir='ltr'>intestini</span> <span class='ocrx_word' id='word_1_73' title='bbox 384 1518 505 1593; x_wconf 84' lang='lat' dir='ltr'>crassi</span> <span class='ocrx_word' id='word_1_74' title='bbox 530 1510 669 1590; x_wconf 79' lang='lat' dir='ltr'>vitiose</span> <span class='ocrx_word' id='word_1_75' title='bbox 695 1511 903 1589; x_wconf 80' lang='lat' dir='ltr'>functione.</span> <span class='ocrx_word' id='word_1_76' title='bbox 958 1513 1047 1588; x_wconf 85' lang='lat' dir='ltr'>lino</span> <span class='ocrx_word' id='word_1_77' title='bbox 1076 1510 1242 1588; x_wconf 80' lang='lat' dir='ltr'>fortasse</span> <span class='ocrx_word' id='word_1_78' title='bbox 1270 1514 1367 1607; x_wconf 86' lang='lat' dir='ltr'>sint,</span> <span class='ocrx_word' id='word_1_79' title='bbox 1407 1516 1441 1591; x_wconf 91' lang='lat' dir='ltr'>si</span> <span class='ocrx_word' id='word_1_80' title='bbox 1469 1517 1524 1589; x_wconf 86' lang='lat' dir='ltr'>sic</span> <span class='ocrx_word' id='word_1_81' title='bbox 1552 1493 1778 1593; x_wconf 71' lang='lat' dir='ltr'>consideres</span> <span class='ocrx_word' id='word_1_82' title='bbox 1799 1544 1897 1616; x_wconf 87' lang='lat' dir='ltr'>rem,</span> <span class='ocrx_word' id='word_1_83' title='bbox 1924 1518 1999 1622; x_wconf 79' lang='lat' dir='ltr'>&#39;ge-</span> 
     </span>
     <span class='ocr_line' id='line_1_9' title="bbox 98 1626 1997 1741; baseline 0.002 -24"><span class='ocrx_word' id='word_1_84' title='bbox 98 1626 102 1631; x_wconf 37' lang='lat'>¹</span> <span class='ocrx_word' id='word_1_85' title='bbox 187 1669 280 1717; x_wconf 87' lang='lat' dir='ltr'>nera</span> <span class='ocrx_word' id='word_1_86' title='bbox 309 1636 429 1717; x_wconf 78' lang='lat' dir='ltr'>febris</span> <span class='ocrx_word' id='word_1_87' title='bbox 461 1639 764 1733; x_wconf 80' lang='lat' dir='ltr'>intermittentis,</span> <span class='ocrx_word' id='word_1_88' title='bbox 805 1634 967 1712; x_wconf 84' lang='lat' dir='ltr'>alterum</span> <span class='ocrx_word' id='word_1_89' title='bbox 1001 1635 1105 1739; x_wconf 91' lang='lat' dir='ltr'>quod</span> <span class='ocrx_word' id='word_1_90' title='bbox 1143 1662 1194 1713; x_wconf 84' lang='lat' dir='ltr'>ex</span> <span class='ocrx_word' id='word_1_91' title='bbox 1226 1634 1425 1711; x_wconf 84' lang='lat' dir='ltr'>ventriculi</span> <span class='ocrx_word' id='word_1_92' title='bbox 1456 1639 1594 1712; x_wconf 81' lang='lat' dir='ltr'>vitiosa</span> <span class='ocrx_word' id='word_1_93' title='bbox 1625 1641 1752 1732; x_wconf 81' lang='lat' dir='ltr'>manet</span> <span class='ocrx_word' id='word_1_94' title='bbox 1789 1639 1997 1741; x_wconf 83' lang='lat' dir='ltr'>iunctione,</span> 
     </span>
     <span class='ocr_line' id='line_1_10' title="bbox 186 1760 2111 1865; baseline 0.002 -26"><span class='ocrx_word' id='word_1_95' title='bbox 186 1765 344 1840; x_wconf 83' lang='lat' dir='ltr'>altorum</span> <span class='ocrx_word' id='word_1_96' title='bbox 372 1764 542 1840; x_wconf 83' lang='lat' dir='ltr'>intestini</span> <span class='ocrx_word' id='word_1_97' title='bbox 570 1765 710 1857; x_wconf 85' lang='lat' dir='ltr'>crassi,</span> <span class='ocrx_word' id='word_1_98' title='bbox 739 1760 862 1865; x_wconf 84' lang='lat' dir='ltr'>qualis</span> <span class='ocrx_word' id='word_1_99' title='bbox 888 1788 973 1836; x_wconf 86' lang='lat' dir='ltr'>mea</span> <span class='ocrx_word' id='word_1_100' title='bbox 995 1760 1084 1837; x_wconf 78' lang='lat' dir='ltr'>suit.</span> <span class='ocrx_word' id='word_1_101' title='bbox 1138 1763 1182 1836; x_wconf 89' lang='lat' dir='ltr'>ln</span> <span class='ocrx_word' id='word_1_102' title='bbox 1211 1786 1371 1862; x_wconf 88' lang='lat' dir='ltr'>quorum</span> <span class='ocrx_word' id='word_1_103' title='bbox 1399 1765 1519 1862; x_wconf 78' lang='lat' dir='ltr'>priori</span> <span class='ocrx_word' id='word_1_104' title='bbox 1546 1760 1713 1839; x_wconf 82' lang='lat' dir='ltr'>sortasse</span> <span class='ocrx_word' id='word_1_105' title='bbox 1733 1763 1898 1849; x_wconf 86' lang='lat' dir='ltr'>remedia</span> <span class='ocrx_word' id='word_1_106' title='bbox 1921 1766 1998 1843; x_wconf 90' lang='lat' dir='ltr'>sol·</span> <span class='ocrx_word' id='word_1_107' title='bbox 2107 1810 2111 1817; x_wconf 95' lang='lat'>·</span> 
     </span>
     <span class='ocr_line' id='line_1_11' title="bbox 147 1884 1278 1989; baseline -0.002 -28"><span class='ocrx_word' id='word_1_108' title='bbox 147 1978 153 1985; x_wconf 21' lang='lat'>²</span> <span class='ocrx_word' id='word_1_109' title='bbox 185 1890 320 1964; x_wconf 72' lang='lat' dir='ltr'>sentia.</span> <span class='ocrx_word' id='word_1_110' title='bbox 340 1891 379 1965; x_wconf 93' lang='lat' dir='ltr'>et</span> <span class='ocrx_word' id='word_1_111' title='bbox 406 1890 618 1989; x_wconf 69' lang='lat' dir='ltr'>operientia</span> <span class='ocrx_word' id='word_1_112' title='bbox 643 1884 876 1988; x_wconf 75' lang='lat' dir='ltr'>profuerint,</span> <span class='ocrx_word' id='word_1_113' title='bbox 903 1890 943 1961; x_wconf 91' lang='lat' dir='ltr'>in</span> <span class='ocrx_word' id='word_1_114' title='bbox 969 1885 1044 1962; x_wconf 89' lang='lat' dir='ltr'>boo</span> <span class='ocrx_word' id='word_1_115' title='bbox 1070 1912 1149 1960; x_wconf 89' lang='lat' dir='ltr'>non</span> <span class='ocrx_word' id='word_1_116' title='bbox 1175 1886 1278 1960; x_wconf 86' lang='lat' dir='ltr'>item.</span> 
     </span>
     <span class='ocr_line' id='line_1_12' title="bbox 288 2007 1998 2112; baseline 0.002 -23"><span class='ocrx_word' id='word_1_117' title='bbox 288 2015 377 2089; x_wconf 71' lang='lat' dir='ltr'>dam</span> <span class='ocrx_word' id='word_1_118' title='bbox 403 2014 529 2112; x_wconf 77' lang='lat' dir='ltr'>igitur</span> <span class='ocrx_word' id='word_1_119' title='bbox 554 2015 595 2087; x_wconf 88' lang='lat' dir='ltr'>in</span> <span class='ocrx_word' id='word_1_120' title='bbox 623 2013 819 2086; x_wconf 76' lang='lat' dir='ltr'>curatione</span> <span class='ocrx_word' id='word_1_121' title='bbox 846 2036 930 2086; x_wconf 85' lang='lat' dir='ltr'>mea</span> <span class='ocrx_word' id='word_1_122' title='bbox 956 2013 1160 2112; x_wconf 85' lang='lat' dir='ltr'>praecipue</span> <span class='ocrx_word' id='word_1_123' title='bbox 1186 2007 1236 2084; x_wconf 86' lang='lat' dir='ltr'>od</span> <span class='ocrx_word' id='word_1_124' title='bbox 1264 2010 1433 2085; x_wconf 90' lang='lat' dir='ltr'>intestini</span> <span class='ocrx_word' id='word_1_125' title='bbox 1461 2014 1581 2085; x_wconf 88' lang='lat' dir='ltr'>crassi</span> <span class='ocrx_word' id='word_1_126' title='bbox 1608 2037 1738 2087; x_wconf 85' lang='lat' dir='ltr'>sanam</span> <span class='ocrx_word' id='word_1_127' title='bbox 1765 2012 1998 2102; x_wconf 76' lang='lat' dir='ltr'>functionem</span> 
     </span>
     <span class='ocr_line' id='line_1_13' title="bbox 184 2130 1997 2240; baseline 0.003 -28"><span class='ocrx_word' id='word_1_128' title='bbox 184 2133 427 2212; x_wconf 80' lang='lat' dir='ltr'>reficiendam</span> <span class='ocrx_word' id='word_1_129' title='bbox 454 2134 651 2212; x_wconf 85' lang='lat' dir='ltr'>attendere</span> <span class='ocrx_word' id='word_1_130' title='bbox 679 2130 864 2210; x_wconf 80' lang='lat' dir='ltr'><strong>debebam</strong></span> <span class='ocrx_word' id='word_1_131' title='bbox 893 2131 1119 2236; x_wconf 86' lang='lat' dir='ltr'>duobusque</span> <span class='ocrx_word' id='word_1_132' title='bbox 1146 2138 1308 2229; x_wconf 82' lang='lat' dir='ltr'>maxime</span> <span class='ocrx_word' id='word_1_133' title='bbox 1341 2132 1549 2210; x_wconf 81' lang='lat' dir='ltr'>medicinae</span> <span class='ocrx_word' id='word_1_134' title='bbox 1580 2133 1788 2240; x_wconf 80' lang='lat' dir='ltr'>generibus</span> <span class='ocrx_word' id='word_1_135' title='bbox 1821 2141 1878 2213; x_wconf 93' lang='lat' dir='ltr'>uti</span> <span class='ocrx_word' id='word_1_136' title='bbox 1909 2140 1997 2219; x_wconf 88' lang='lat' dir='ltr'>lice·</span> 
     </span>
     <span class='ocr_line' id='line_1_14' title="bbox 182 2256 2135 2381; baseline 0.005 -47"><span class='ocrx_word' id='word_1_137' title='bbox 182 2256 268 2354; x_wconf 84' lang='lat' dir='ltr'>bet,</span> <span class='ocrx_word' id='word_1_138' title='bbox 296 2265 476 2361; x_wconf 85' lang='lat' dir='ltr'>primum,</span> <span class='ocrx_word' id='word_1_139' title='bbox 503 2263 548 2335; x_wconf 91' lang='lat' dir='ltr'>ut</span> <span class='ocrx_word' id='word_1_140' title='bbox 572 2261 730 2336; x_wconf 84' lang='lat' dir='ltr'>vitarem</span> <span class='ocrx_word' id='word_1_141' title='bbox 758 2262 884 2333; x_wconf 90' lang='lat' dir='ltr'>omnia</span> <span class='ocrx_word' id='word_1_142' title='bbox 910 2284 1007 2361; x_wconf 89' lang='lat' dir='ltr'>quae</span> <span class='ocrx_word' id='word_1_143' title='bbox 1033 2259 1205 2334; x_wconf 83' lang='lat' dir='ltr'>intestini</span> <span class='ocrx_word' id='word_1_144' title='bbox 1218 2262 1340 2332; x_wconf 87' lang='lat' dir='ltr'>crassi</span> <span class='ocrx_word' id='word_1_145' title='bbox 1367 2257 1599 2355; x_wconf 82' lang='lat' dir='ltr'>functionem</span> <span class='ocrx_word' id='word_1_146' title='bbox 1626 2264 1789 2381; x_wconf 85' lang='lat' dir='ltr'>possent</span> <span class='ocrx_word' id='word_1_147' title='bbox 1815 2265 1996 2365; x_wconf 88' lang='lat' dir='ltr'>impedire</span> <span class='ocrx_word' id='word_1_148' title='bbox 2133 2284 2135 2291; x_wconf 86' lang='lat'>&#39;</span> 
     </span>
     <span class='ocr_line' id='line_1_15' title="bbox 109 2381 1998 2484; baseline 0.004 -26"><span class='ocrx_word' id='word_1_149' title='bbox 109 2445 113 2451; x_wconf 89' lang='lat'>.</span> <span class='ocrx_word' id='word_1_150' title='bbox 185 2385 223 2459; x_wconf 89' lang='lat' dir='ltr'>et</span> <span class='ocrx_word' id='word_1_151' title='bbox 249 2411 341 2484; x_wconf 87' lang='lat' dir='ltr'>prae</span> <span class='ocrx_word' id='word_1_152' title='bbox 368 2388 507 2481; x_wconf 77' lang='lat' dir='ltr'>ceteris</span> <span class='ocrx_word' id='word_1_153' title='bbox 532 2382 700 2461; x_wconf 85' lang='lat' dir='ltr'>remedia</span> <span class='ocrx_word' id='word_1_154' title='bbox 726 2381 849 2459; x_wconf 80' lang='lat' dir='ltr'>alvum</span> <span class='ocrx_word' id='word_1_155' title='bbox 878 2382 1082 2477; x_wconf 79' lang='lat' dir='ltr'>solventia,</span> <span class='ocrx_word' id='word_1_156' title='bbox 1110 2385 1190 2474; x_wconf 85' lang='lat' dir='ltr'>tum</span> <span class='ocrx_word' id='word_1_157' title='bbox 1217 2385 1261 2457; x_wconf 88' lang='lat' dir='ltr'>ut</span> <span class='ocrx_word' id='word_1_158' title='bbox 1287 2381 1474 2457; x_wconf 84' lang='lat' dir='ltr'>artificiali</span> <span class='ocrx_word' id='word_1_159' title='bbox 1501 2382 1679 2459; x_wconf 83' lang='lat' dir='ltr'>methodo</span> <span class='ocrx_word' id='word_1_160' title='bbox 1707 2383 1797 2462; x_wconf 89' lang='lat' dir='ltr'>bilis</span> <span class='ocrx_word' id='word_1_161' title='bbox 1817 2393 1998 2466; x_wconf 85' lang='lat' dir='ltr'>secretio·</span> 
     </span>
     <span class='ocr_line' id='line_1_16' title="bbox 185 2513 560 2586; baseline 0.013 -4"><span class='ocrx_word' id='word_1_162' title='bbox 185 2534 269 2583; x_wconf 88' lang='lat' dir='ltr'>uem</span> <span class='ocrx_word' id='word_1_163' title='bbox 296 2513 560 2586; x_wconf 77' lang='lat' dir='ltr'>excitarem.¹</span> 
     </span>
    </p>
   </div>
   <div class='ocr_carea' id='block_1_4' title="bbox 458 2731 1726 2836">
    <p class='ocr_par' dir='ltr' id='par_1_4' title="bbox 458 2731 1726 2836">
     <span class='ocr_line' id='line_1_17' title="bbox 458 2731 1726 2836; baseline -0.002 -33"><span class='ocrx_word' id='word_1_164' title='bbox 458 2735 692 2803; x_wconf 76' lang='lat' dir='ltr'>Remedium</span> <span class='ocrx_word' id='word_1_165' title='bbox 724 2737 768 2802; x_wconf 82' lang='grc' dir='ltr'>ιἰι</span> <span class='ocrx_word' id='word_1_166' title='bbox 798 2737 930 2803; x_wconf 78' lang='lat' dir='ltr'>victur</span> <span class='ocrx_word' id='word_1_167' title='bbox 963 2735 1172 2822; x_wconf 75' lang='lat' dir='ltr'>regimine.</span> <span class='ocrx_word' id='word_1_168' title='bbox 1217 2731 1431 2800; x_wconf 72' lang='lat' dir='ltr'>Medicina</span> <span class='ocrx_word' id='word_1_169' title='bbox 1463 2735 1726 2836; x_wconf 70' lang='lat' dir='ltr'>ministratis.</span> 
     </span>
    </p>
   </div>
   <div class='ocr_carea' id='block_1_5' title="bbox 876 2844 1308 2940">
    <p class='ocr_par' dir='ltr' id='par_1_5' title="bbox 876 2844 1308 2940">
     <span class='ocr_line' id='line_1_18' title="bbox 876 2844 1308 2940; baseline -0.005 -3"><span class='ocrx_word' id='word_1_170' title='bbox 876 2873 982 2938; x_wconf 78' lang='lat' dir='ltr'>Retio</span> <span class='ocrx_word' id='word_1_171' title='bbox 1006 2844 1202 2940; x_wconf 76' lang='lat' dir='ltr'>solutionis</span> <span class='ocrx_word' id='word_1_172' title='bbox 1226 2874 1308 2939; x_wconf 77' lang='lat' dir='ltr'>alvi„</span> 
     </span>
    </p>
   </div>
   <div class='ocr_carea' id='block_1_6' title="bbox 87 3008 2064 3736">
    <p class='ocr_par' dir='ltr' id='par_1_6' title="bbox 158 3008 2064 3488">
     <span class='ocr_line' id='line_1_19' title="bbox 158 3008 2007 3113; baseline 0 -18"><span class='ocrx_word' id='word_1_173' title='bbox 158 3030 183 3111; x_wconf 54' lang='grc' dir='ltr'>,Ὗ</span> <span class='ocrx_word' id='word_1_174' title='bbox 317 3016 457 3091; x_wconf 81' lang='lat' dir='ltr'>Verum</span> <span class='ocrx_word' id='word_1_175' title='bbox 485 3016 587 3090; x_wconf 88' lang='lat' dir='ltr'>inter</span> <span class='ocrx_word' id='word_1_176' title='bbox 612 3016 720 3088; x_wconf 83' lang='lat' dir='ltr'>initio</span> <span class='ocrx_word' id='word_1_177' title='bbox 746 3009 795 3086; x_wconf 87' lang='lat' dir='ltr'>od</span> <span class='ocrx_word' id='word_1_178' title='bbox 822 3012 1091 3113; x_wconf 77' lang='lat' dir='ltr'>integritatem·</span> <span class='ocrx_word' id='word_1_179' title='bbox 1107 3008 1334 3087; x_wconf 82' lang='lat' dir='ltr'>valetudinis</span> <span class='ocrx_word' id='word_1_180' title='bbox 1360 3015 1612 3087; x_wconf 87' lang='lat' dir='ltr'>necessariam</span> <span class='ocrx_word' id='word_1_181' title='bbox 1641 3017 1794 3089; x_wconf 91' lang='lat' dir='ltr'>omuino</span> <span class='ocrx_word' id='word_1_182' title='bbox 1823 3043 1910 3092; x_wconf 88' lang='lat' dir='ltr'>esse</span> <span class='ocrx_word' id='word_1_183' title='bbox 1937 3041 2007 3096; x_wconf 53' lang='lat' dir='ltr'>nra</span> 
     </span>
     <span class='ocr_line' id='line_1_20' title="bbox 184 3131 2027 3242; baseline 0.004 -30"><span class='ocrx_word' id='word_1_184' title='bbox 184 3133 358 3215; x_wconf 84' lang='lat' dir='ltr'>bitrobar</span> <span class='ocrx_word' id='word_1_185' title='bbox 391 3136 648 3242; x_wconf 82' lang='lat' dir='ltr'>quotidianam</span> <span class='ocrx_word' id='word_1_186' title='bbox 679 3134 756 3226; x_wconf 36' lang='lat' dir='ltr'>,aivi</span> <span class='ocrx_word' id='word_1_187' title='bbox 791 3133 1038 3230; x_wconf 88' lang='lat' dir='ltr'>solutionem,</span> <span class='ocrx_word' id='word_1_188' title='bbox 1079 3162 1237 3238; x_wconf 87' lang='lat' dir='ltr'>eamque</span> <span class='ocrx_word' id='word_1_189' title='bbox 1270 3131 1445 3236; x_wconf 85' lang='lat' dir='ltr'>pluribus</span> <span class='ocrx_word' id='word_1_190' title='bbox 1478 3135 1601 3211; x_wconf 89' lang='lat' dir='ltr'>modis</span> <span class='ocrx_word' id='word_1_191' title='bbox 1629 3135 1688 3212; x_wconf 80' lang='lat' dir='ltr'>rel</span> <span class='ocrx_word' id='word_1_192' title='bbox 1716 3139 1892 3216; x_wconf 88' lang='lat' dir='ltr'>remediis</span> <span class='ocrx_word' id='word_1_193' title='bbox 1920 3142 2027 3219; x_wconf 81' lang='lat' dir='ltr'>sol·-</span> 
     </span>
     <span class='ocr_line' id='line_1_21' title="bbox 187 3253 2064 3367; baseline 0.004 -32"><span class='ocrx_word' id='word_1_194' title='bbox 187 3261 360 3339; x_wconf 81' lang='lat' dir='ltr'>routibus</span> <span class='ocrx_word' id='word_1_195' title='bbox 408 3261 467 3337; x_wconf 84' lang='lat' dir='ltr'>vel</span> <span class='ocrx_word' id='word_1_196' title='bbox 506 3258 734 3367; x_wconf 69' lang='lat' dir='ltr'>clysteribus</span> <span class='ocrx_word' id='word_1_197' title='bbox 782 3257 935 3336; x_wconf 83' lang='lat' dir='ltr'>efficere</span> <span class='ocrx_word' id='word_1_198' title='bbox 980 3255 1191 3335; x_wconf 80' lang='lat' dir='ltr'>studebam.</span> <span class='ocrx_word' id='word_1_199' title='bbox 1241 3253 1337 3334; x_wconf 68' lang='lat' dir='ltr'>rbi</span> <span class='ocrx_word' id='word_1_200' title='bbox 1376 3284 1465 3334; x_wconf 81' lang='lat' dir='ltr'>vero</span> <span class='ocrx_word' id='word_1_201' title='bbox 1504 3258 1638 3335; x_wconf 89' lang='lat' dir='ltr'>melius</span> <span class='ocrx_word' id='word_1_202' title='bbox 1676 3269 1858 3365; x_wconf 85' lang='lat' dir='ltr'>perspexi</span> <span class='ocrx_word' id='word_1_203' title='bbox 1902 3293 1994 3361; x_wconf 86' lang='lat' dir='ltr'>rem,</span> <span class='ocrx_word' id='word_1_204' title='bbox 2060 3302 2064 3311; x_wconf 51' lang='grc'><strong>’</strong></span> 
     </span>
     <span class='ocr_line' id='line_1_22' title="bbox 186 3380 1996 3488; baseline 0.003 -29"><span class='ocrx_word' id='word_1_205' title='bbox 186 3412 231 3460; x_wconf 89' lang='lat' dir='ltr'>en</span> <span class='ocrx_word' id='word_1_206' title='bbox 258 3392 368 3462; x_wconf 90' lang='lat' dir='ltr'>omisi</span> <span class='ocrx_word' id='word_1_207' title='bbox 395 3385 709 3488; x_wconf 89' lang='lat' dir='ltr'>utilissimumque</span> <span class='ocrx_word' id='word_1_208' title='bbox 738 3389 976 3460; x_wconf 78' lang='lat' dir='ltr'>esse&#39;inreni</span> <span class='ocrx_word' id='word_1_209' title='bbox 1003 3383 1230 3486; x_wconf 89' lang='lat' dir='ltr'>perplures</span> <span class='ocrx_word' id='word_1_210' title='bbox 1264 3380 1345 3458; x_wconf 88' lang='lat' dir='ltr'>dies</span> <span class='ocrx_word' id='word_1_211' title='bbox 1373 3381 1496 3461; x_wconf 79' lang='lat' dir='ltr'>alvum</span> <span class='ocrx_word' id='word_1_212' title='bbox 1530 3381 1726 3480; x_wconf 88' lang='lat' dir='ltr'>cohibere,</span> <span class='ocrx_word' id='word_1_213' title='bbox 1768 3390 1822 3461; x_wconf 80' lang='lat' dir='ltr'>ita</span> <span class='ocrx_word' id='word_1_214' title='bbox 1848 3392 1890 3462; x_wconf 94' lang='lat' dir='ltr'>ut</span> <span class='ocrx_word' id='word_1_215' title='bbox 1917 3417 1996 3464; x_wconf 93' lang='lat' dir='ltr'>non</span> 
     </span>
    </p>

    <p class='ocr_par' dir='ltr' id='par_1_7' title="bbox 87 3505 1997 3736">
     <span class='ocr_line' id='line_1_23' title="bbox 87 3505 1996 3610; baseline 0.003 -27"><span class='ocrx_word' id='word_1_216' title='bbox 87 3566 90 3571; x_wconf 73' lang='lat'><em>.</em></span> <span class='ocrx_word' id='word_1_217' title='bbox 186 3508 299 3584; x_wconf 89' lang='lat' dir='ltr'>modo</span> <span class='ocrx_word' id='word_1_218' title='bbox 333 3536 412 3585; x_wconf 89' lang='lat' dir='ltr'>non</span> <span class='ocrx_word' id='word_1_219' title='bbox 445 3515 563 3589; x_wconf 82' lang='lat' dir='ltr'>vitare</span> <span class='ocrx_word' id='word_1_220' title='bbox 597 3507 762 3584; x_wconf 87' lang='lat' dir='ltr'>remedia</span> <span class='ocrx_word' id='word_1_221' title='bbox 795 3511 1021 3610; x_wconf 82' lang='lat' dir='ltr'>operientia,</span> <span class='ocrx_word' id='word_1_222' title='bbox 1064 3506 1132 3582; x_wconf 90' lang='lat' dir='ltr'>sed</span> <span class='ocrx_word' id='word_1_223' title='bbox 1159 3509 1216 3582; x_wconf 91' lang='lat' dir='ltr'>uti</span> <span class='ocrx_word' id='word_1_224' title='bbox 1249 3508 1360 3581; x_wconf 88' lang='lat' dir='ltr'>etiam</span> <span class='ocrx_word' id='word_1_225' title='bbox 1393 3505 1517 3581; x_wconf 76' lang='lat' dir='ltr'>airum</span> <span class='ocrx_word' id='word_1_226' title='bbox 1550 3507 1904 3608; x_wconf 85' lang='lat' dir='ltr'>comprimentibus,</span> <span class='ocrx_word' id='word_1_227' title='bbox 1946 3540 1996 3588; x_wconf 81' lang='lat' dir='ltr'>ex</span> 
     </span>
     <span class='ocr_line' id='line_1_24' title="bbox 187 3614 1997 3736; baseline 0.002 -30"><span class='ocrx_word' id='word_1_228' title='bbox 187 3629 326 3732; x_wconf 76' lang='lat' dir='ltr'>‹pribus</span> <span class='ocrx_word' id='word_1_229' title='bbox 352 3637 535 3734; x_wconf 85' lang='lat' dir='ltr'>imprimis</span> <span class='ocrx_word' id='word_1_230' title='bbox 564 3633 664 3735; x_wconf 72' lang='lat' dir='ltr'>elegi</span> <span class='ocrx_word' id='word_1_231' title='bbox 698 3637 824 3707; x_wconf 82' lang='lat' dir='ltr'>vinum</span> <span class='ocrx_word' id='word_1_232' title='bbox 851 3627 1376 3727; x_wconf 80' lang='lat' dir='ltr'>rubrum,utiler1derctur.</span> <span class='ocrx_word' id='word_1_233' title='bbox 1431 3631 1518 3704; x_wconf 84' lang='lat' dir='ltr'>Non</span> <span class='ocrx_word' id='word_1_234' title='bbox 1547 3634 1645 3706; x_wconf 89' lang='lat' dir='ltr'>euim</span> <span class='ocrx_word' id='word_1_235' title='bbox 1674 3635 1781 3733; x_wconf 88' lang='lat' dir='ltr'>prius</span> <span class='ocrx_word' id='word_1_236' title='bbox 1807 3638 1881 3709; x_wconf 87' lang='lat' dir='ltr'>nisi</span> <span class='ocrx_word' id='word_1_237' title='bbox 1905 3614 1997 3736; x_wconf 78' lang='lat' dir='ltr'>post</span> 
     </span>
    </p>
   </div>
   <div class='ocr_carea' id='block_1_7' title="bbox 21 3746 1995 3959">
    <p class='ocr_par' dir='ltr' id='par_1_8' title="bbox 21 3746 1995 3959">
     <span class='ocr_line' id='line_1_25' title="bbox 78 3746 1995 3858; baseline 0.005 -33"><span class='ocrx_word' id='word_1_238' title='bbox 78 3818 81 3825; x_wconf 92' lang='lat'><em>.</em></span> <span class='ocrx_word' id='word_1_239' title='bbox 186 3751 296 3830; x_wconf 84' lang='lat' dir='ltr'>cibos</span> <span class='ocrx_word' id='word_1_240' title='bbox 322 3751 421 3832; x_wconf 93' lang='lat' dir='ltr'>bene</span> <span class='ocrx_word' id='word_1_241' title='bbox 451 3756 624 3858; x_wconf 79' lang='lat' dir='ltr'>digestos</span> <span class='ocrx_word' id='word_1_242' title='bbox 651 3762 690 3833; x_wconf 93' lang='lat' dir='ltr'>in</span> <span class='ocrx_word' id='word_1_243' title='bbox 717 3758 898 3833; x_wconf 86' lang='lat' dir='ltr'>intestino</span> <span class='ocrx_word' id='word_1_244' title='bbox 927 3782 1060 3832; x_wconf 84' lang='lat' dir='ltr'>crasso</span> <span class='ocrx_word' id='word_1_245' title='bbox 1087 3757 1311 3856; x_wconf 75' lang='lat' dir='ltr'>congestos,</span> <span class='ocrx_word' id='word_1_246' title='bbox 1336 3755 1420 3830; x_wconf 88' lang='lat' dir='ltr'>toto</span> <span class='ocrx_word' id='word_1_247' title='bbox 1451 3757 1653 3831; x_wconf 85' lang='lat' dir='ltr'>concoctio</span> <span class='ocrx_word' id='word_1_248' title='bbox 1681 3759 1833 3857; x_wconf 89' lang='lat' dir='ltr'>penitus</span> <span class='ocrx_word' id='word_1_249' title='bbox 1859 3746 1908 3835; x_wconf 84' lang='lat' dir='ltr'>ad</span> <span class='ocrx_word' id='word_1_250' title='bbox 1936 3784 1995 3835; x_wconf 87' lang='lat' dir='ltr'>sa·</span> 
     </span>
     <span class='ocr_line' id='line_1_26' title="bbox 21 3877 529 3959; baseline -0.008 0"><span class='ocrx_word' id='word_1_251' title='bbox 21 3904 72 3959; x_wconf 37' lang='lat' dir='ltr'>o·</span> <span class='ocrx_word' id='word_1_252' title='bbox 185 3883 341 3955; x_wconf 82' lang='lat' dir='ltr'>nitatem</span> <span class='ocrx_word' id='word_1_253' title='bbox 368 3877 529 3955; x_wconf 83' lang='lat' dir='ltr'>redibat.</span> 
     </span>
    </p>
   </div>
   <div class='ocr_carea' id='block_1_8' title="bbox 751 4060 1430 4181">
    <p class='ocr_par' dir='ltr' id='par_1_9' title="bbox 751 4060 1430 4181">
     <span class='ocr_line' id='line_1_27' title="bbox 751 4060 1430 4181; baseline -0.009 -20"><span class='ocrx_word' id='word_1_254' title='bbox 751 4097 891 4181; x_wconf 60' lang='lat' dir='ltr'>Quibus</span> <span class='ocrx_word' id='word_1_255' title='bbox 919 4097 1009 4160; x_wconf 77' lang='lat' dir='ltr'>cibis</span> <span class='ocrx_word' id='word_1_256' title='bbox 1038 4095 1287 4160; x_wconf 80' lang='lat' dir='ltr'>abstinendum</span> <span class='ocrx_word' id='word_1_257' title='bbox 1310 4060 1430 4158; x_wconf 75' lang='lat' dir='ltr'>inerit</span> 
     </span>
    </p>
   </div>
   <div class='ocr_carea' id='block_1_9' title="bbox 105 4230 2154 4714">
    <p class='ocr_par' dir='ltr' id='par_1_10' title="bbox 322 4230 1997 4335">
     <span class='ocr_line' id='line_1_28' title="bbox 322 4230 1997 4335; baseline 0.002 -24"><span class='ocrx_word' id='word_1_258' title='bbox 322 4239 447 4311; x_wconf 86' lang='lat' dir='ltr'>Porro</span> <span class='ocrx_word' id='word_1_259' title='bbox 475 4233 641 4312; x_wconf 76' lang='lat' dir='ltr'>mistero</span> <span class='ocrx_word' id='word_1_260' title='bbox 666 4238 789 4309; x_wconf 80' lang='lat' dir='ltr'>visam</span> <span class='ocrx_word' id='word_1_261' title='bbox 815 4239 879 4311; x_wconf 85' lang='lat' dir='ltr'>ost</span> <span class='ocrx_word' id='word_1_262' title='bbox 904 4237 1023 4315; x_wconf 75' lang='lat' dir='ltr'>vitare</span> <span class='ocrx_word' id='word_1_263' title='bbox 1051 4261 1183 4310; x_wconf 89' lang='lat' dir='ltr'>omnes</span> <span class='ocrx_word' id='word_1_264' title='bbox 1210 4230 1336 4328; x_wconf 89' lang='lat' dir='ltr'>cibos,</span> <span class='ocrx_word' id='word_1_265' title='bbox 1365 4236 1507 4335; x_wconf 87' lang='lat' dir='ltr'>quiex</span> <span class='ocrx_word' id='word_1_266' title='bbox 1520 4236 1613 4308; x_wconf 89' lang='lat' dir='ltr'>meis</span> <span class='ocrx_word' id='word_1_267' title='bbox 1641 4231 1789 4335; x_wconf 87' lang='lat' dir='ltr'>quidem</span> <span class='ocrx_word' id='word_1_268' title='bbox 1817 4230 1997 4314; x_wconf 80' lang='lat' dir='ltr'>observa·</span> 
     </span>
    </p>

    <p class='ocr_par' dir='ltr' id='par_1_11' title="bbox 187 4329 1994 4462">
     <span class='ocr_line' id='line_1_29' title="bbox 187 4329 1994 4462; baseline 0.001 -27"><span class='ocrx_word' id='word_1_269' title='bbox 187 4329 396 4435; x_wconf 83' lang='lat' dir='ltr'>tionibus</span> <span class='ocrx_word' id='word_1_270' title='bbox 383 4384 422 4434; x_wconf 88' lang='lat' dir='ltr'>m</span> <span class='ocrx_word' id='word_1_271' title='bbox 451 4357 661 4435; x_wconf 80' lang='lat' dir='ltr'>ventriculo</span> <span class='ocrx_word' id='word_1_272' title='bbox 690 4383 767 4431; x_wconf 90' lang='lat' dir='ltr'>non</span> <span class='ocrx_word' id='word_1_273' title='bbox 795 4361 890 4434; x_wconf 84' lang='lat' dir='ltr'>satis</span> <span class='ocrx_word' id='word_1_274' title='bbox 924 4353 1112 4440; x_wconf 82' lang='lat' dir='ltr'>elaborati</span> <span class='ocrx_word' id='word_1_275' title='bbox 1138 4361 1215 4436; x_wconf 85' lang='lat' dir='ltr'>et</span> <span class='ocrx_word' id='word_1_276' title='bbox 1202 4385 1243 4436; x_wconf 91' lang='lat' dir='ltr'>m</span> <span class='ocrx_word' id='word_1_277' title='bbox 1269 4356 1443 4462; x_wconf 73' lang='lat' dir='ltr'>cbymum</span> <span class='ocrx_word' id='word_1_278' title='bbox 1470 4360 1645 4432; x_wconf 83' lang='lat' dir='ltr'>conversi</span> <span class='ocrx_word' id='word_1_279' title='bbox 1672 4383 1864 4458; x_wconf 82' lang='lat' dir='ltr'>spasmum</span> <span class='ocrx_word' id='word_1_280' title='bbox 1891 4359 1994 4437; x_wconf 89' lang='lat' dir='ltr'>ilium</span> 
     </span>
    </p>

    <p class='ocr_par' dir='ltr' id='par_1_12' title="bbox 105 4477 2154 4714">
     <span class='ocr_line' id='line_1_30' title="bbox 105 4477 1995 4594; baseline 0.002 -37"><span class='ocrx_word' id='word_1_281' title='bbox 105 4506 108 4511; x_wconf 85' lang='grc'><strong>·</strong></span> <span class='ocrx_word' id='word_1_282' title='bbox 187 4487 313 4559; x_wconf 89' lang='lat' dir='ltr'>motus</span> <span class='ocrx_word' id='word_1_283' title='bbox 340 4481 602 4584; x_wconf 78' lang='lat' dir='ltr'>perieioitici</span> <span class='ocrx_word' id='word_1_284' title='bbox 590 4509 630 4558; x_wconf 88' lang='grc' dir='ltr'>ιιι</span> <span class='ocrx_word' id='word_1_285' title='bbox 658 4479 744 4556; x_wconf 90' lang='lat' dir='ltr'>coio</span> <span class='ocrx_word' id='word_1_286' title='bbox 772 4486 996 4561; x_wconf 84' lang='lat' dir='ltr'>excitarant.</span> <span class='ocrx_word' id='word_1_287' title='bbox 1049 4486 1184 4585; x_wconf 85' lang='lat' dir='ltr'>ltaque</span> <span class='ocrx_word' id='word_1_288' title='bbox 1211 4479 1478 4594; x_wconf 86' lang='lat' dir='ltr'>abstinendum</span> <span class='ocrx_word' id='word_1_289' title='bbox 1505 4482 1589 4555; x_wconf 85' lang='lat' dir='ltr'>erat</span> <span class='ocrx_word' id='word_1_290' title='bbox 1613 4477 1682 4557; x_wconf 88' lang='lat' dir='ltr'>ab</span> <span class='ocrx_word' id='word_1_291' title='bbox 1693 4479 1868 4559; x_wconf 89' lang='lat' dir='ltr'>omnibus</span> <span class='ocrx_word' id='word_1_292' title='bbox 1889 4511 1995 4567; x_wconf 82' lang='lat' dir='ltr'>assa.</span> 
     </span>
     <span class='ocr_line' id='line_1_31' title="bbox 184 4601 2154 4714; baseline 0.002 -31.006"><span class='ocrx_word' id='word_1_293' title='bbox 184 4613 301 4702; x_wconf 73' lang='lat' dir='ltr'>terris3</span> <span class='ocrx_word' id='word_1_294' title='bbox 344 4610 383 4693; x_wconf 82' lang='lat' dir='ltr'>et</span> <span class='ocrx_word' id='word_1_295' title='bbox 407 4606 509 4683; x_wconf 88' lang='lat' dir='ltr'>bunc</span> <span class='ocrx_word' id='word_1_296' title='bbox 542 4605 591 4682; x_wconf 86' lang='lat' dir='ltr'>ed</span> <span class='ocrx_word' id='word_1_297' title='bbox 618 4603 716 4682; x_wconf 76' lang='lat' dir='ltr'>diem</span> <span class='ocrx_word' id='word_1_298' title='bbox 739 4632 894 4709; x_wconf 82' lang='lat' dir='ltr'>usque,¹</span> <span class='ocrx_word' id='word_1_299' title='bbox 923 4633 1038 4709; x_wconf 89' lang='lat' dir='ltr'>quum</span> <span class='ocrx_word' id='word_1_300' title='bbox 1038 4601 1188 4684; x_wconf 78' lang='lat' dir='ltr'>febris</span> <span class='ocrx_word' id='word_1_301' title='bbox 1217 4632 1287 4707; x_wconf 86' lang='lat' dir='ltr'>per</span> <span class='ocrx_word' id='word_1_302' title='bbox 1314 4608 1479 4708; x_wconf 88' lang='lat' dir='ltr'>quinque</span> <span class='ocrx_word' id='word_1_303' title='bbox 1506 4628 1657 4683; x_wconf 88' lang='lat' dir='ltr'>menses</span> <span class='ocrx_word' id='word_1_304' title='bbox 1686 4605 1856 4702; x_wconf 88' lang='lat' dir='ltr'>desierit,</span> <span class='ocrx_word' id='word_1_305' title='bbox 1871 4606 1995 4714; x_wconf 85' lang='lat' dir='ltr'>)jus</span> <span class='ocrx_word' id='word_1_306' title='bbox 2150 4646 2154 4657; x_wconf 95' lang='lat'>·</span> 
     </span>
    </p>
   </div>
   <div class='ocr_carea' id='block_1_10' title="bbox 229 4914 1996 5081">
    <p class='ocr_par' dir='ltr' id='par_1_13' title="bbox 229 4914 1996 5081">
     <span class='ocr_line' id='line_1_32' title="bbox 238 4914 1996 4998; baseline 0.001 -20"><span class='ocrx_word' id='word_1_307' title='bbox 238 4914 290 4993; x_wconf 43' lang='grc' dir='ltr'>Ὗ)</span> <span class='ocrx_word' id='word_1_308' title='bbox 309 4926 421 4996; x_wconf 80' lang='lat' dir='ltr'>Scripta</span> <span class='ocrx_word' id='word_1_309' title='bbox 438 4930 504 4977; x_wconf 81' lang='lat' dir='ltr'>anat</span> <span class='ocrx_word' id='word_1_310' title='bbox 520 4922 592 4978; x_wconf 82' lang='lat' dir='ltr'>baec</span> <span class='ocrx_word' id='word_1_311' title='bbox 609 4925 768 4994; x_wconf 74' lang='lat' dir='ltr'>germanice</span> <span class='ocrx_word' id='word_1_312' title='bbox 785 4943 883 4980; x_wconf 83' lang='lat' dir='ltr'>mense</span> <span class='ocrx_word' id='word_1_313' title='bbox 902 4929 1033 4998; x_wconf 70' lang='lat' dir='ltr'>Augusto</span> <span class='ocrx_word' id='word_1_314' title='bbox 1055 4929 1119 4980; x_wconf 77' lang='lat' dir='ltr'>anni</span> <span class='ocrx_word' id='word_1_315' title='bbox 1145 4926 1226 4983; x_wconf 76' lang='lat'><strong>1832.</strong></span> <span class='ocrx_word' id='word_1_316' title='bbox 1256 4921 1352 4994; x_wconf 69' lang='lat' dir='ltr'>(vidae</span> <span class='ocrx_word' id='word_1_317' title='bbox 1388 4919 1590 4980; x_wconf 71' lang='lat' dir='ltr'>litterariseb&#39;o</span> <span class='ocrx_word' id='word_1_318' title='bbox 1612 4923 1742 4979; x_wconf 76' lang='lat' dir='ltr'>Annalen</span> <span class='ocrx_word' id='word_1_319' title='bbox 1766 4923 1816 4978; x_wconf 86' lang='lat' dir='ltr'>der</span> <span class='ocrx_word' id='word_1_320' title='bbox 1832 4942 1892 4994; x_wconf 74' lang='lat' dir='ltr'>ges.</span> <span class='ocrx_word' id='word_1_321' title='bbox 1916 4923 1996 4981; x_wconf 77' lang='lat' dir='ltr'>licii·</span> 
     </span>
     <span class='ocr_line' id='line_1_33' title="bbox 229 5007 901 5081; baseline 0.006 -15"><span class='ocrx_word' id='word_1_322' title='bbox 229 5036 232 5041; x_wconf 92' lang='lat'>·</span> <span class='ocrx_word' id='word_1_323' title='bbox 312 5012 407 5067; x_wconf 85' lang='lat' dir='ltr'>kunde</span> <span class='ocrx_word' id='word_1_324' title='bbox 425 5032 484 5066; x_wconf 75' lang='lat' dir='ltr'>von</span> <span class='ocrx_word' id='word_1_325' title='bbox 500 5016 530 5067; x_wconf 84' lang='lat' dir='ltr'>J.</span> <span class='ocrx_word' id='word_1_326' title='bbox 549 5015 581 5067; x_wconf 78' lang='lat' dir='ltr'>F.</span> <span class='ocrx_word' id='word_1_327' title='bbox 601 5014 633 5067; x_wconf 79' lang='lat' dir='ltr'>C.</span> <span class='ocrx_word' id='word_1_328' title='bbox 652 5007 789 5081; x_wconf 73' lang='lat' dir='ltr'>Becker.)</span> <span class='ocrx_word' id='word_1_329' title='bbox 893 5062 901 5070; x_wconf 94' lang='lat'>.</span> 
     </span>
    </p>
   </div>
   <div class='ocr_carea' id='block_1_11' title="bbox 1494 5103 1572 5179">
    <p class='ocr_par' dir='ltr' id='par_1_14' title="bbox 1494 5103 1572 5179">
     <span class='ocr_line' id='line_1_34' title="bbox 1494 5103 1572 5179; baseline 0 -52"><span class='ocrx_word' id='word_1_330' title='bbox 1494 5103 1572 5179; x_wconf 74' lang='lat' dir='ltr'>a·</span> 
     </span>
    </p>
   </div>
   <div class='ocr_carea' id='block_1_12' title="bbox 0 0 2421 6180">
    <p class='ocr_par' dir='ltr' id='par_1_15' title="bbox 0 0 2421 6180">
     <span class='ocr_line' id='line_1_35' title="bbox 0 0 2421 6180; baseline 0 0"><span class='ocrx_word' id='word_1_331' title='bbox 0 0 2421 6180; x_wconf 95' lang='lat' dir='ltr'> </span> 
     </span>
    </p>
   </div>
  </div>
 </body>
</html>
