4830 6188
1193 447 1225 540 ⁶
1390 562 1395 569 ,

303 649 365 725 ιιι
391 646 481 722 ante
510 644 638 719 omnia
668 638 890 741 explorare,
921 637 1114 743 quomodo
1143 637 1329 717 medicina
1355 638 1594 724 exerceatur.
1648 610 1696 719 Si
1722 639 1892 720 medicus
1916 646 2119 724 universae

303 770 502 878 cujusdam
522 769 684 844 rationis
713 790 873 867 expers,
897 763 996 841 alios
1020 764 1259 841 'solummodo
1282 763 1484 861 imitando,
1506 791 1617 841 usum
1640 771 1830 870 sequitur,
1852 795 1976 878 neque
1998 775 2037 846 in
2054 769 2121 847 ad·

267 984 270 989 ,
304 895 479 976 bibendis
502 889 680 968 remediis
704 894 840 966 causas
863 889 1129 993 physiologice
1157 891 1333 991 respicit,
1356 889 1458 965 hand
1481 886 1594 966 dubie
1621 891 1869 997 physiologia
1896 922 2121 998 supervaca·
2217 934 2230 943 ·

263 1022 271 1031 ’
303 1044 377 1117 nea
397 1018 558 1094 ridetur.
616 1014 699 1092 Sed
720 1041 799 1092 non
822 1013 1027 1091 audeamus
1049 1013 1147 1092 hanc
1170 1012 1392 1090 medicinam
1413 1041 1540 1091 veram
1561 1042 1795 1119 nuncupare.
1851 1019 2003 1112 Quodsi
2022 1025 2121 1098 enim

106 1110 110 1117 ι
154 1174 156 1179 ’
304 1148 470 1249 {ngeniis
493 1145 645 1244 magnis
668 1139 833 1243 praediti
856 1139 1007 1252 quidam
1035 1166 1146 1214 usum
1176 1145 1258 1216 sine
1287 1142 1437 1215 ratione
1461 1144 1691 1243 sequuntur,
1719 1141 1894 1221 doctrina
1911 1149 2039 1222 tamen
2062 1149 2123 1222 est

267 1302 271 1309 ·
305 1271 385 1350 dux
417 1272 571 1346 certior.
636 1268 769 1368 Neque
803 1260 1089 1360 obliviscamur,
1135 1263 1254 1340 multa
1291 1290 1378 1339 esse
1416 1265 1623 1343 medicinae
1660 1251 1883 1369 praecepta,
1921 1297 1992 1372 per
2030 1269 2123 1377 phy-

155 1465 158 1470 .
306 1394 510 1498 siologiam
539 1391 660 1468 solam
694 1388 894 1491 indagata,
929 1415 1091 1492 quornm
1128 1393 1319 1490 originem
1350 1388 1460 1464 multi
1489 1390 1571 1466 iere
1599 1390 1764 1468 solent
1752 1418 1954 1495 ignorare,
1983 1401 2125 1500 quippe

242 1552 246 1564 ¹
306 1527 388 1628 qui,
434 1522 595 1595 rationis
624 1519 805 1617 expertes
838 1513 1101 1590 tantummodo
1134 1513 1295 1590 effectus
1329 1539 1445 1615 saepe
1478 1516 1687 1622 exoptatos
1714 1516 1922 1618 appellent.
1977 1521 2125 1598 florum

304 1648 396 1725 roro
440 1644 732 1746 praeceptorum
768 1643 971 1741 empiricos
1004 1666 1098 1715 usus
1126 1642 1350 1741 saepissime
1387 1665 1467 1716 non
1502 1640 1689 1738 succedit,
1729 1639 1891 1746 ejusque
1920 1651 1977 1722 rei
2011 1671 2127 1723 causa

146 1865 152 1869 ,
208 1835 211 1842 .
298 1786 405 1874 opus
428 1772 489 1845 est
521 1764 789 1871 physiologica
811 1762 985 1840 doctrina
1014 1767 1128 1868 atque
1151 1766 1318 1859 ratione,
1349 1767 1404 1839 sic
1419 1766 1496 1841 ut
1484 1792 1523 1840 m
1546 1763 1607 1842 his
1629 1765 1901 1869 phoenomenis
1926 1767 2126 1868 similibus,

307 1892 447 2002 quibus
471 1892 641 1969 diversae
666 1916 803 1965 causae
828 1885 1010 1984 subsunt,
1038 1887 1140 1964 vel
1127 1917 1167 1964 m
1196 1871 1384 1965 similibus
1408 1894 1553 1985 causis,
1584 1889 1843 1969 diversissima
1863 1890 2127 1995 phaenomena

308 2017 515 2098 seeundum
532 2015 641 2118 leges
659 2040 914 2091 consensuum
945 2038 1180 2114 organorum
1212 2011 1472 2091 evocantibus.
1527 2015 1653 2092 Facile
1671 2020 1796 2092 autem
1814 2022 1949 2120 cuique
1966 2023 2006 2094 in
2024 2046 2126 2096 men·

223 2216 225 2221 .
307 2150 384 2224 tem
413 2143 474 2219 bic
496 2144 653 2251 veniunt
670 2143 796 2214 variae
813 2164 1015 2250 nervorum
1039 2137 1309 2234 distentorum,
1334 2136 1627 2236 dissolutorum,
1663 2139 1946 2248 dolentiumque
1977 2149 2123 2248 species

309 2274 348 2348 ot
370 2273 408 2344 in
435 2272 651 2342 universum
676 2266 796 2340 totius
821 2262 1039 2368 systematis
1066 2266 1221 2337 nervosi
1242 2259 1386 2361 morbi,
1410 2290 1571 2367 quorum
1599 2265 1870 2343 nonnullorum
1893 2294 2029 2349 causas
2044 2267 2122 2374 jam

308 2398 458 2472 veteres
481 2394 521 2466 in
544 2393 621 2464 imo
643 2391 775 2465 ventre
798 2387 948 2464 radices
971 2411 1089 2488 agere
1114 2384 1427 2487 suspicabantur,
1457 2392 1497 2464 et
1518 2383 1716 2470 liebertus
1739 2391 1954 2498 Wbyttius,
1983 2419 2053 2494 per
2073 2392 2127 2470 le·

168 2600 171 2605 ,
308 2540 382 2624 ges
405 2512 694 2620 physiologicas
728 2512 978 2618 sympathiae,
1002 2498 1091 2587 'tam
1116 2510 1282 2614 dilucide
1308 2511 1595 2618 luculenterque
1622 2513 1838 2592 illustravit.
1893 2504 1938 2592 ln
1959 2514 2018 2592 bis
2040 2542 2128 2619 per·

308 2640 520 2721 lustrandis
543 2637 752 2714 clarissime
774 2640 910 2739 patent
932 2630 1139 2714 medicinae
1161 2662 1396 2739 progressus
1420 2663 1491 2738 per
1512 2637 1794 2744 physiologiam
1815 2639 1925 2738 iacti,
1950 2668 2048 2744 quos
2064 2669 2128 2719 ve·

309 2773 433 2846 terum
456 2764 631 2841 doctrina
653 2763 699 2839 de
718 2759 964 2866 qualitatibus
987 2788 1178 2864 uunquam
1195 2762 1409 2865 producere
1426 2766 1564 2864 potuit.
1620 2763 1739 2855 Quod
1764 2769 1901 2843 autem‘
1913 2769 2129 2845 etiamnunc
2152 2856 2170 2875 ι
2212 2815 2220 2825 -

310 2919 435 2998 pauca
458 2887 640 2996 quaedam
663 2886 925 2988 phaenomena
946 2880 1155 2963 medicihae
1178 2892 1217 2964 ct
1234 2887 1500 2993 physiologiae
1526 2889 1628 2965 inter
1656 2878 1699 2966 se
1733 2887 1999 2968 dissentientia
2018 2918 2129 2994 repe-
2165 2966 2177 2982 x
2236 2915 2253 2946 ⁵

310 3020 478 3112 ciuntur,
508 3041 587 3090 non
616 3015 677 3088 est
705 3011 809 3116 quod
837 3011 939 3088 illam
968 3010 1235 3116 physiologiae
1262 3013 1464 3120 utilitatem
1485 3017 1706 3090 imminuere
1728 3015 1796 3090 aut
1822 3014 1959 3091 tollere
1989 3017 2128 3121 possit.

201 3227 206 3238 ¹
312 3141 421 3237 Quid
448 3136 552 3244 quod
579 3136 778 3239 praeclara
800 3136 1048 3213 illustrissimi
1078 3136 1209 3248 Bellii,
1240 3110 1497 3216 Loudinensis
1520 3135 1672 3233 medici,
1703 3134 1922 3215 observatio
1952 3137 2129 3217 differen-

205 3355 215 3365 s
250 3364 255 3373 ἱ
311 3271 388 3347 tiae
409 3288 613 3343 nervorum
632 3248 874 3338 sentientium
892 3265 931 3338 et
946 3263 1176 3337 moventium
1193 3262 1291 3345 hac
1280 3290 1365 3365 ipsa
1381 3265 1505 3340 aetate
1522 3258 1636 3338 nobis
1653 3262 1812 3340 mirifice
1829 3259 1987 3366 probat,
1998 3291 2130 3369 euan-

164 3394 167 3399 ’
270 3432 273 3442 ·
310 3384 377 3471 tae
398 3417 449 3470 ex
471 3417 518 3466 eo
539 3410 682 3490 genere
705 3385 965 3463 dissensiones
988 3412 1077 3462 sero
1099 3385 1222 3462 adhuc
1244 3387 1440 3463 tollantur.

418 3513 602 3607 Quodsi
625 3517 786 3615 propius
807 3512 906 3588 hanc
928 3510 1194 3616 physiologiae
1223 3508 1458 3607 methodum,
1482 3539 1580 3615 qnae
1603 3509 1697 3588 illud
1728 3511 1909 3614 placitum
1932 3521 2129 3618 persequi·

280 3644 286 3684 ’·
312 3647 395 3739 tur,
419 3638 723 3734 consideramus,
746 3641 921 3739 proxime
943 3635 999 3711 od
1015 3635 1116 3712 illam
1142 3634 1338 3713 doctrinae
1361 3635 1671 3741 disjunctionem,
1688 3633 1771 3741 jam
1789 3634 1838 3712 ab
1855 3642 2130 3741 antiquissimis

290 3750 299 3778 ⁵
312 3766 402 3846 inde
425 3761 663 3866 temporibus
687 3761 1054 3859 iactam,‘dueimur:
1079 3765 1272 3863 empiriam
1295 3760 1382 3838 dico
1406 3765 1445 3838 et
1466 3763 1672 3858 rationem,
1696 3787 1855 3865 quarum
1877 3765 2057 3867 utraque,
2085 3769 2131 3842 ut

316 3896 418 3969 omni
445 3895 619 3992 tempore
641 3892 696 3964 ita
715 3884 830 3963 hodie
855 3911 1024 3991 quoque,
1056 3889 1095 3963 et
1120 3890 1334 3963 accusatur.
1351 3888 1390 3962 et
1418 3885 1649 3982 defenditur,
1677 3889 1733 3962 ιιι
1753 3889 1880 3963 tamen
1902 3889 1946 3962 ut
1973 3866 2131 3989 empiria

316 4022 372 4095 rei
395 4017 625 4092 momentum
649 4013 775 4089 facere
798 4011 982 4088 videatur.
1037 4013 1108 4087 llis
1125 4014 1251 4087 autem
1269 4015 1308 4086 in
1326 4009 1577 4115 dijudicandis
1595 4039 1696 4087 nunc
1718 4008 1901 4088 habemus
1918 4009 2012 4086 illud
2029 4040 2130 4090 corn·
2178 4070 2182 4078 ,

139 4131 147 4149 '
204 4169 220 4201 -·
316 4139 487 4236 modum,
517 4138 620 4242 quod
647 4141 847 4241 utriusque
876 4138 1069 4237 opinionis
1097 4135 1320 4237 dignitatem
1355 4163 1434 4211 non
1463 4133 1586 4212 solum
1616 4162 1686 4237 per
1717 4138 1923 4231 rationem,
1966 4135 2036 4212 sed
2059 4164 2129 4240 per

315 4265 513 4343 historiam
536 4266 736 4339 aestimare
758 4288 982 4363 possumus,
1011 4260 1055 4337 ut
1071 4263 1272 4363 appareat,
1297 4286 1373 4364 qua
1400 4264 1461 4337 via
1482 4265 1711 4363 gravissima
1732 4255 1999 4366 physiologiae
2020 4287 2130 4364 prae·

48 4380 54 4394 l
194 4430 210 4449 ·-
253 4378 258 4387 ⁸
317 4394 430 4522 cepta
452 4391 538 4463 orta
561 4391 599 4462 et
619 4385 773 4462 exculta
795 4389 884 4460 sint.

198 4547 206 4564 ι
452 4515 598 4589 Omnes
621 4510 804 4613 quidem
793 4538 832 4586 ιιι
851 4537 897 4587 eo
915 4512 1162 4606 conveniunt,
1190 4508 1456 4616 physiologiae
1473 4513 1513 4586 ct
1528 4512 1649 4584 totius
1666 4470 1873 4585 medicinae
1896 4512 2129 4590 materiam

66 4712 68 4719 Α
205 4660 208 4665 “
319 4635 497 4719 sensibus
513 4640 739 4738 perceptam
761 4662 848 4712 esse
873 4630 1031 4732 debere,
1055 4638 1292 4738 antequam
1280 4664 1320 4711 m
1344 4663 1391 4711 ea
1410 4638 1555 4712 versari
1570 4636 1776 4735 possimus.
1832 4633 2043 4725 Quaeritur
2057 4641 2130 4742 igi-

318 4767 382 4843 tur
414 4760 678 4859 solummodo,
696 4764 824 4836 utrum
850 4763 935 4838 tota
962 4763 1187 4837 scientiae
1220 4761 1418 4862 indagatio
1442 4762 1481 4849 et
1503 4758 1688 4862 perfectio
1720 4757 1805 4834 sola
1826 4763 2064 4860 experientia
2091 4766 2130 4840 ct

318 4914 393 4966 usu
425 4914 474 4963 an
502 4890 653 4963 ratione
681 4883 852 4962 adbibita
880 4884 1120 4989 assequenda
1148 4888 1211 4961 sit.
1266 4887 1377 4960 llune
1405 4889 1445 4960 in
1470 4882 1583 4961 tinem
1605 4883 1803 4960 historiam
1827 4885 1990 4960 stortae
2008 4887 2047 4961 et
2063 4913 2129 4964 ex·

318 5011 443 5093 solae
467 5008 736 5121 physiologiae
758 5007 1093 5092 considerantibus
1115 5011 1244 5087 statim
1265 5012 1444 5112 apparet,
1469 5014 1665 5112 empiricen
1685 5005 1839 5111 quidem
1859 5034 2038 5113 magnum
2052 5037 2130 5120 mo·
