<?xml version="1.0" encoding="UTF-8"?>
<!DOCTYPE html PUBLIC "-//W3C//DTD XHTML 1.0 Transitional//EN"
    "http://www.w3.org/TR/xhtml1/DTD/xhtml1-transitional.dtd">
<html xmlns="http://www.w3.org/1999/xhtml" xml:lang="en" lang="en">
 <head>
  <title>
</title>
<meta http-equiv="Content-Type" content="text/html;charset=utf-8" />
  <meta name='ocr-system' content='tesseract 3.04.00' />
  <meta name='ocr-capabilities' content='ocr_page ocr_carea ocr_par ocr_line ocrx_word'/>
</head>
<body>
  <div class='ocr_page' id='page_1' title='image "./dealimentorumco00schgoog_0012.png"; bbox 0 0 4830 6188; ppageno 0'>
   <div class='ocr_carea' id='block_1_1' title="bbox 1061 443 1132 513">
    <p class='ocr_par' dir='ltr' id='par_1_1' title="bbox 1061 443 1132 513">
     <span class='ocr_line' id='line_1_1' title="bbox 1061 443 1132 513; baseline -0.028 0"><span class='ocrx_word' id='word_1_1' title='bbox 1061 443 1132 513; x_wconf 74' lang='lat' dir='ltr'><strong>vll</strong></span> 
     </span>
    </p>
   </div>
   <div class='ocr_carea' id='block_1_2' title="bbox 168 600 2083 2439">
    <p class='ocr_par' dir='ltr' id='par_1_2' title="bbox 191 600 2007 874">
     <span class='ocr_line' id='line_1_2' title="bbox 191 600 2007 730; baseline -0.004 -29"><span class='ocrx_word' id='word_1_2' title='bbox 191 651 278 722; x_wconf 86' lang='lat' dir='ltr'><strong>eos,</strong></span> <span class='ocrx_word' id='word_1_3' title='bbox 307 621 446 700; x_wconf 80' lang='lat' dir='ltr'><strong>diffusa</strong></span> <span class='ocrx_word' id='word_1_4' title='bbox 470 618 586 697; x_wconf 88' lang='lat' dir='ltr'><strong>latius</strong></span> <span class='ocrx_word' id='word_1_5' title='bbox 612 600 684 718; x_wconf 82' lang='lat' dir='ltr'><strong>per</strong></span> <span class='ocrx_word' id='word_1_6' title='bbox 715 619 931 693; x_wconf 79' lang='lat' dir='ltr'><strong>nniversam</strong></span> <span class='ocrx_word' id='word_1_7' title='bbox 963 618 1152 692; x_wconf 83' lang='lat' dir='ltr'><strong>civitatem</strong></span> <span class='ocrx_word' id='word_1_8' title='bbox 1184 614 1453 719; x_wconf 73' lang='lat' dir='ltr'><strong>intelligentia,</strong></span> <span class='ocrx_word' id='word_1_9' title='bbox 1495 617 1624 695; x_wconf 87' lang='lat' dir='ltr'><strong>eadem</strong></span> <span class='ocrx_word' id='word_1_10' title='bbox 1659 619 1885 721; x_wconf 85' lang='lat' dir='ltr'><strong>exspectent</strong></span> <span class='ocrx_word' id='word_1_11' title='bbox 1915 618 2007 730; x_wconf 76' lang='lat' dir='ltr'><strong>leta,</strong></span> 
     </span>
     <span class='ocr_line' id='line_1_3' title="bbox 193 756 1354 874; baseline -0.009 -29"><span class='ocrx_word' id='word_1_12' title='bbox 193 794 290 874; x_wconf 84' lang='lat' dir='ltr'><strong>qnae</strong></span> <span class='ocrx_word' id='word_1_13' title='bbox 317 766 542 866; x_wconf 89' lang='lat' dir='ltr'><strong>haruspices</strong></span> <span class='ocrx_word' id='word_1_14' title='bbox 571 763 828 838; x_wconf 80' lang='lat' dir='ltr'><strong>Constantino</strong></span> <span class='ocrx_word' id='word_1_15' title='bbox 855 761 1091 860; x_wconf 76' lang='lat' dir='ltr'><strong>imperatore</strong></span> <span class='ocrx_word' id='word_1_16' title='bbox 1118 756 1354 836; x_wconf 83' lang='lat' dir='ltr'><strong>afflixerunt.</strong></span> 
     </span>
    </p>

    <p class='ocr_par' dir='ltr' id='par_1_3' title="bbox 168 902 2083 2439">
     <span class='ocr_line' id='line_1_4' title="bbox 297 902 2008 1014; baseline -0.004 -27"><span class='ocrx_word' id='word_1_17' title='bbox 297 912 431 1014; x_wconf 90' lang='lat' dir='ltr'><strong>ltaque</strong></span> <span class='ocrx_word' id='word_1_18' title='bbox 458 916 545 982; x_wconf 87' lang='lat' dir='ltr'><strong>ante</strong></span> <span class='ocrx_word' id='word_1_19' title='bbox 574 909 702 982; x_wconf 89' lang='lat' dir='ltr'><strong>omnia</strong></span> <span class='ocrx_word' id='word_1_20' title='bbox 726 908 766 981; x_wconf 93' lang='lat' dir='ltr'><strong>in</strong></span> <span class='ocrx_word' id='word_1_21' title='bbox 793 904 950 979; x_wconf 88' lang='lat' dir='ltr'><strong>nostrae</strong></span> <span class='ocrx_word' id='word_1_22' title='bbox 976 906 1114 980; x_wconf 82' lang='lat' dir='ltr'><strong>aetatis</strong></span> <span class='ocrx_word' id='word_1_23' title='bbox 1141 902 1327 978; x_wconf 83' lang='lat' dir='ltr'><strong>medicina</strong></span> <span class='ocrx_word' id='word_1_24' title='bbox 1354 929 1453 1003; x_wconf 90' lang='lat' dir='ltr'><strong>opus</strong></span> <span class='ocrx_word' id='word_1_25' title='bbox 1480 907 1557 1000; x_wconf 89' lang='lat' dir='ltr'><strong>est,</strong></span> <span class='ocrx_word' id='word_1_26' title='bbox 1590 907 1634 978; x_wconf 88' lang='lat' dir='ltr'><strong>nt</strong></span> <span class='ocrx_word' id='word_1_27' title='bbox 1660 906 1898 1006; x_wconf 74' lang='lat' dir='ltr'><strong>experientia</strong></span> <span class='ocrx_word' id='word_1_28' title='bbox 1923 931 2008 981; x_wconf 88' lang='lat' dir='ltr'><strong>cnm</strong></span> 
     </span>
     <span class='ocr_line' id='line_1_5' title="bbox 193 1042 2011 1153; baseline -0.003 -23"><span class='ocrx_word' id='word_1_29' title='bbox 193 1057 340 1132; x_wconf 89' lang='lat' dir='ltr'><strong>ratione</strong></span> <span class='ocrx_word' id='word_1_30' title='bbox 373 1055 579 1153; x_wconf 84' lang='lat' dir='ltr'><strong>congruat:</strong></span> <span class='ocrx_word' id='word_1_31' title='bbox 620 1046 758 1152; x_wconf 89' lang='lat' dir='ltr'><strong>quodsi</strong></span> <span class='ocrx_word' id='word_1_32' title='bbox 790 1048 1029 1147; x_wconf 75' lang='lat' dir='ltr'><strong>experientia</strong></span> <span class='ocrx_word' id='word_1_33' title='bbox 1059 1049 1234 1151; x_wconf 88' lang='lat' dir='ltr'><strong>ratioque</strong></span> <span class='ocrx_word' id='word_1_34' title='bbox 1265 1048 1365 1121; x_wconf 85' lang='lat' dir='ltr'><strong>inter</strong></span> <span class='ocrx_word' id='word_1_35' title='bbox 1399 1073 1442 1122; x_wconf 87' lang='lat' dir='ltr'><strong>se</strong></span> <span class='ocrx_word' id='word_1_36' title='bbox 1469 1049 1659 1149; x_wconf 86' lang='lat' dir='ltr'><strong>pugnant,</strong></span> <span class='ocrx_word' id='word_1_37' title='bbox 1694 1047 1800 1124; x_wconf 88' lang='lat' dir='ltr'><strong>nihili</strong></span> <span class='ocrx_word' id='word_1_38' title='bbox 1832 1042 2011 1124; x_wconf 81' lang='lat' dir='ltr'><strong>hahendo</strong></span> 
     </span>
     <span class='ocr_line' id='line_1_6' title="bbox 169 1184 2009 1298; baseline -0.004 -25"><span class='ocrx_word' id='word_1_39' title='bbox 169 1184 252 1274; x_wconf 72' lang='lat' dir='ltr'><strong>&#39;est</strong></span> <span class='ocrx_word' id='word_1_40' title='bbox 284 1197 534 1298; x_wconf 82' lang='lat' dir='ltr'><strong>experientia.</strong></span> <span class='ocrx_word' id='word_1_41' title='bbox 587 1192 672 1266; x_wconf 84' lang='lat' dir='ltr'><strong>lloc</strong></span> <span class='ocrx_word' id='word_1_42' title='bbox 704 1195 744 1268; x_wconf 90' lang='lat' dir='ltr'><strong>in</strong></span> <span class='ocrx_word' id='word_1_43' title='bbox 777 1185 957 1268; x_wconf 86' lang='lat' dir='ltr'><strong>omnibus</strong></span> <span class='ocrx_word' id='word_1_44' title='bbox 988 1193 1029 1267; x_wconf 86' lang='lat' dir='ltr'><strong>et</strong></span> <span class='ocrx_word' id='word_1_45' title='bbox 1058 1187 1297 1292; x_wconf 80' lang='lat' dir='ltr'><strong>publicarum</strong></span> <span class='ocrx_word' id='word_1_46' title='bbox 1331 1197 1368 1265; x_wconf 92' lang='lat' dir='ltr'><strong>et</strong></span> <span class='ocrx_word' id='word_1_47' title='bbox 1400 1193 1632 1291; x_wconf 77' lang='lat' dir='ltr'><strong>privatarum</strong></span> <span class='ocrx_word' id='word_1_48' title='bbox 1670 1217 1797 1267; x_wconf 89' lang='lat' dir='ltr'><strong>rernm</strong></span> <span class='ocrx_word' id='word_1_49' title='bbox 1834 1187 2009 1292; x_wconf 86' lang='lat' dir='ltr'><strong>partibus</strong></span> 
     </span>
     <span class='ocr_line' id='line_1_7' title="bbox 194 1329 1930 1436; baseline -0.004 -19"><span class='ocrx_word' id='word_1_50' title='bbox 194 1366 419 1417; x_wconf 88' lang='lat' dir='ltr'><strong>concessum</strong></span> <span class='ocrx_word' id='word_1_51' title='bbox 447 1341 486 1414; x_wconf 89' lang='lat' dir='ltr'><strong>et</strong></span> <span class='ocrx_word' id='word_1_52' title='bbox 511 1338 703 1435; x_wconf 86' lang='lat' dir='ltr'><strong>repertum</strong></span> <span class='ocrx_word' id='word_1_53' title='bbox 732 1336 808 1412; x_wconf 83' lang='lat' dir='ltr'><strong>est:</strong></span> <span class='ocrx_word' id='word_1_54' title='bbox 835 1359 926 1408; x_wconf 91' lang='lat' dir='ltr'><strong>num</strong></span> <span class='ocrx_word' id='word_1_55' title='bbox 952 1335 1073 1436; x_wconf 88' lang='lat' dir='ltr'><strong>igitur</strong></span> <span class='ocrx_word' id='word_1_56' title='bbox 1098 1338 1139 1409; x_wconf 93' lang='lat' dir='ltr'><strong>in</strong></span> <span class='ocrx_word' id='word_1_57' title='bbox 1167 1331 1253 1409; x_wconf 88' lang='lat' dir='ltr'><strong>sola</strong></span> <span class='ocrx_word' id='word_1_58' title='bbox 1278 1332 1465 1409; x_wconf 88' lang='lat' dir='ltr'><strong>medicina</strong></span> <span class='ocrx_word' id='word_1_59' title='bbox 1489 1331 1615 1410; x_wconf 93' lang='lat' dir='ltr'><strong>locum</strong></span> <span class='ocrx_word' id='word_1_60' title='bbox 1644 1360 1722 1409; x_wconf 91' lang='lat' dir='ltr'><strong>non</strong></span> <span class='ocrx_word' id='word_1_61' title='bbox 1750 1329 1930 1410; x_wconf 78' lang='lat' dir='ltr'><strong>habebit?</strong></span> 
     </span>
     <span class='ocr_line' id='line_1_8' title="bbox 168 1473 2011 1581; baseline -0.002 -28"><span class='ocrx_word' id='word_1_62' title='bbox 168 1549 170 1553; x_wconf 86' lang='grc'><em>,</em></span> <span class='ocrx_word' id='word_1_63' title='bbox 328 1481 517 1580; x_wconf 84' lang='lat' dir='ltr'><strong>Superest</strong></span> <span class='ocrx_word' id='word_1_64' title='bbox 542 1479 587 1553; x_wconf 91' lang='lat' dir='ltr'><strong>nt</strong></span> <span class='ocrx_word' id='word_1_65' title='bbox 613 1503 859 1581; x_wconf 84' lang='lat' dir='ltr'><strong>quaeramus,</strong></span> <span class='ocrx_word' id='word_1_66' title='bbox 889 1473 1095 1581; x_wconf 88' lang='lat' dir='ltr'><strong>quomodo,</strong></span> <span class='ocrx_word' id='word_1_67' title='bbox 1123 1476 1213 1581; x_wconf 90' lang='lat' dir='ltr'><strong>quid</strong></span> <span class='ocrx_word' id='word_1_68' title='bbox 1240 1479 1280 1551; x_wconf 91' lang='lat' dir='ltr'><strong>in</strong></span> <span class='ocrx_word' id='word_1_69' title='bbox 1307 1473 1494 1555; x_wconf 88' lang='lat' dir='ltr'><strong>medicina</strong></span> <span class='ocrx_word' id='word_1_70' title='bbox 1520 1503 1613 1579; x_wconf 89' lang='lat' dir='ltr'><strong>prae</strong></span> <span class='ocrx_word' id='word_1_71' title='bbox 1641 1481 1779 1554; x_wconf 88' lang='lat' dir='ltr'><strong>ceteris</strong></span> <span class='ocrx_word' id='word_1_72' title='bbox 1804 1503 1935 1555; x_wconf 85' lang='lat' dir='ltr'><strong>rerum</strong></span> <span class='ocrx_word' id='word_1_73' title='bbox 1964 1500 2011 1550; x_wconf 84' lang='lat' dir='ltr'><strong>ac</strong></span> 
     </span>
     <span class='ocr_line' id='line_1_9' title="bbox 193 1610 2021 1726; baseline -0.003 -26"><span class='ocrx_word' id='word_1_74' title='bbox 193 1652 311 1726; x_wconf 86' lang='lat' dir='ltr'><strong>grave</strong></span> <span class='ocrx_word' id='word_1_75' title='bbox 338 1623 404 1718; x_wconf 93' lang='lat' dir='ltr'><strong>sit,</strong></span> <span class='ocrx_word' id='word_1_76' title='bbox 433 1627 620 1721; x_wconf 82' lang='lat' dir='ltr'><strong>cognosci</strong></span> <span class='ocrx_word' id='word_1_77' title='bbox 647 1627 774 1724; x_wconf 90' lang='lat' dir='ltr'><strong>queat.</strong></span> <span class='ocrx_word' id='word_1_78' title='bbox 828 1621 927 1697; x_wconf 89' lang='lat' dir='ltr'><strong>Nam</strong></span> <span class='ocrx_word' id='word_1_79' title='bbox 955 1645 1075 1720; x_wconf 83' lang='lat' dir='ltr'><strong>saepe</strong></span> <span class='ocrx_word' id='word_1_80' title='bbox 1099 1610 1249 1696; x_wconf 77' lang='lat' dir='ltr'><strong>facilins</strong></span> <span class='ocrx_word' id='word_1_81' title='bbox 1277 1629 1337 1696; x_wconf 90' lang='lat' dir='ltr'><strong>est</strong></span> <span class='ocrx_word' id='word_1_82' title='bbox 1362 1623 1401 1694; x_wconf 94' lang='lat' dir='ltr'><strong>in</strong></span> <span class='ocrx_word' id='word_1_83' title='bbox 1428 1617 1616 1697; x_wconf 87' lang='lat' dir='ltr'><strong>medicina</strong></span> <span class='ocrx_word' id='word_1_84' title='bbox 1641 1646 1780 1696; x_wconf 82' lang='lat' dir='ltr'><strong>novum</strong></span> <span class='ocrx_word' id='word_1_85' title='bbox 1806 1618 2021 1725; x_wconf 80' lang='lat' dir='ltr'><strong>aliquidne</strong></span> 
     </span>
     <span class='ocr_line' id='line_1_10' title="bbox 194 1759 2010 1868; baseline -0.002 -27"><span class='ocrx_word' id='word_1_86' title='bbox 194 1791 320 1843; x_wconf 82' lang='lat' dir='ltr'><strong>verum</strong></span> <span class='ocrx_word' id='word_1_87' title='bbox 347 1766 524 1866; x_wconf 87' lang='lat' dir='ltr'><strong>primitus</strong></span> <span class='ocrx_word' id='word_1_88' title='bbox 552 1790 687 1841; x_wconf 92' lang='lat' dir='ltr'><strong>eruere</strong></span> <span class='ocrx_word' id='word_1_89' title='bbox 713 1766 752 1840; x_wconf 90' lang='lat' dir='ltr'><strong>et</strong></span> <span class='ocrx_word' id='word_1_90' title='bbox 779 1759 990 1864; x_wconf 83' lang='lat' dir='ltr'><strong>explicare,</strong></span> <span class='ocrx_word' id='word_1_91' title='bbox 1019 1788 1133 1868; x_wconf 89' lang='lat' dir='ltr'><strong>qnam</strong></span> <span class='ocrx_word' id='word_1_92' title='bbox 1161 1771 1308 1839; x_wconf 89' lang='lat' dir='ltr'><strong>erutum</strong></span> <span class='ocrx_word' id='word_1_93' title='bbox 1336 1773 1374 1840; x_wconf 91' lang='lat' dir='ltr'><strong>et</strong></span> <span class='ocrx_word' id='word_1_94' title='bbox 1400 1761 1578 1841; x_wconf 90' lang='lat' dir='ltr'><strong>omnibus</strong></span> <span class='ocrx_word' id='word_1_95' title='bbox 1605 1766 1772 1840; x_wconf 87' lang='lat' dir='ltr'><strong>numeris</strong></span> <span class='ocrx_word' id='word_1_96' title='bbox 1791 1759 2010 1840; x_wconf 84' lang='lat' dir='ltr'><strong>absolutum</strong></span> 
     </span>
     <span class='ocr_line' id='line_1_11' title="bbox 190 1900 2035 2012; baseline -0.002 -29"><span class='ocrx_word' id='word_1_97' title='bbox 190 1906 289 1983; x_wconf 83' lang='lat' dir='ltr'><strong>bene</strong></span> <span class='ocrx_word' id='word_1_98' title='bbox 317 1905 533 2008; x_wconf 81' lang='lat' dir='ltr'><strong>intelligere</strong></span> <span class='ocrx_word' id='word_1_99' title='bbox 560 1906 719 2012; x_wconf 91' lang='lat' dir='ltr'><strong>ejusque</strong></span> <span class='ocrx_word' id='word_1_100' title='bbox 747 1904 968 2008; x_wconf 84' lang='lat' dir='ltr'><strong>dignitatem</strong></span> <span class='ocrx_word' id='word_1_101' title='bbox 996 1913 1099 1984; x_wconf 89' lang='lat' dir='ltr'><strong>recte</strong></span> <span class='ocrx_word' id='word_1_102' title='bbox 1132 1910 1349 2002; x_wconf 86' lang='lat' dir='ltr'><strong>aestimare,</strong></span> <span class='ocrx_word' id='word_1_103' title='bbox 1383 1911 1440 1983; x_wconf 86' lang='lat' dir='ltr'><strong>sic</strong></span> <span class='ocrx_word' id='word_1_104' title='bbox 1465 1910 1510 1983; x_wconf 92' lang='lat' dir='ltr'><strong>nt</strong></span> <span class='ocrx_word' id='word_1_105' title='bbox 1536 1910 1785 1984; x_wconf 88' lang='lat' dir='ltr'><strong>communiter</strong></span> <span class='ocrx_word' id='word_1_106' title='bbox 1811 1900 2035 2009; x_wconf 74' lang='lat' dir='ltr'><strong>probetur,-</strong></span> 
     </span>
     <span class='ocr_line' id='line_1_12' title="bbox 191 2049 2012 2165; baseline -0.002 -39"><span class='ocrx_word' id='word_1_107' title='bbox 191 2053 399 2151; x_wconf 86' lang='lat' dir='ltr'><strong>accipiatur</strong></span> <span class='ocrx_word' id='word_1_108' title='bbox 427 2052 530 2127; x_wconf 90' lang='lat' dir='ltr'><strong>etin</strong></span> <span class='ocrx_word' id='word_1_109' title='bbox 556 2055 777 2127; x_wconf 83' lang='lat' dir='ltr'><strong>vitaonsnm</strong></span> <span class='ocrx_word' id='word_1_110' title='bbox 797 2052 1052 2126; x_wconf 80' lang='lat' dir='ltr'><strong>convertatur.</strong></span> <span class='ocrx_word' id='word_1_111' title='bbox 1093 2049 1195 2126; x_wconf 86' lang='lat' dir='ltr'><strong>Sunt</strong></span> <span class='ocrx_word' id='word_1_112' title='bbox 1210 2053 1309 2125; x_wconf 91' lang='lat' dir='ltr'><strong>enim</strong></span> <span class='ocrx_word' id='word_1_113' title='bbox 1317 2052 1551 2165; x_wconf 77' lang='lat' dir='ltr'><strong>gravissima</strong></span> <span class='ocrx_word' id='word_1_114' title='bbox 1563 2053 1728 2161; x_wconf 63' lang='lat' dir='ltr'><strong>inuenta,</strong></span> <span class='ocrx_word' id='word_1_115' title='bbox 1757 2074 1868 2153; x_wconf 87' lang='lat' dir='ltr'><strong>quae,</strong></span> <span class='ocrx_word' id='word_1_116' title='bbox 1882 2072 2012 2153; x_wconf 80' lang='lat' dir='ltr'><strong>quam·</strong></span> 
     </span>
     <span class='ocr_line' id='line_1_13' title="bbox 190 2178 2012 2297; baseline -0.001 -30"><span class='ocrx_word' id='word_1_117' title='bbox 190 2197 248 2268; x_wconf 86' lang='lat' dir='ltr'><strong>vis</strong></span> <span class='ocrx_word' id='word_1_118' title='bbox 268 2191 352 2297; x_wconf 92' lang='lat' dir='ltr'><strong>jam</strong></span> <span class='ocrx_word' id='word_1_119' title='bbox 379 2196 469 2268; x_wconf 88' lang='lat' dir='ltr'><strong>ante</strong></span> <span class='ocrx_word' id='word_1_120' title='bbox 495 2193 645 2297; x_wconf 86' lang='lat' dir='ltr'><strong>aliquot</strong></span> <span class='ocrx_word' id='word_1_121' title='bbox 670 2190 826 2268; x_wconf 88' lang='lat' dir='ltr'><strong>saecula</strong></span> <span class='ocrx_word' id='word_1_122' title='bbox 852 2189 955 2266; x_wconf 81' lang='lat' dir='ltr'><strong>lacta</strong></span> <span class='ocrx_word' id='word_1_123' title='bbox 982 2199 1020 2265; x_wconf 92' lang='lat' dir='ltr'><strong>et</strong></span> <span class='ocrx_word' id='word_1_124' title='bbox 1046 2194 1252 2267; x_wconf 86' lang='lat' dir='ltr'><strong>memoriae</strong></span> <span class='ocrx_word' id='word_1_125' title='bbox 1279 2178 1433 2292; x_wconf 84' lang='lat' dir='ltr'><strong>prodita</strong></span> <span class='ocrx_word' id='word_1_126' title='bbox 1459 2194 1554 2289; x_wconf 90' lang='lat' dir='ltr'><strong>sint,</strong></span> <span class='ocrx_word' id='word_1_127' title='bbox 1581 2191 1824 2268; x_wconf 86' lang='lat' dir='ltr'><strong>nihilominus</strong></span> <span class='ocrx_word' id='word_1_128' title='bbox 1851 2190 1912 2268; x_wconf 85' lang='lat' dir='ltr'><strong>vel</strong></span> <span class='ocrx_word' id='word_1_129' title='bbox 1932 2216 2012 2266; x_wconf 88' lang='lat' dir='ltr'><strong>om·</strong></span> 
     </span>
     <span class='ocr_line' id='line_1_14' title="bbox 190 2322 2083 2439; baseline -0.003 -26"><span class='ocrx_word' id='word_1_130' title='bbox 190 2340 282 2413; x_wconf 88' lang='lat' dir='ltr'><strong>nino</strong></span> <span class='ocrx_word' id='word_1_131' title='bbox 311 2334 435 2411; x_wconf 87' lang='lat' dir='ltr'><strong>adhuc</strong></span> <span class='ocrx_word' id='word_1_132' title='bbox 460 2335 608 2412; x_wconf 87' lang='lat' dir='ltr'><strong>lateant</strong></span> <span class='ocrx_word' id='word_1_133' title='bbox 632 2334 692 2411; x_wconf 83' lang='lat' dir='ltr'><strong>vel</strong></span> <span class='ocrx_word' id='word_1_134' title='bbox 721 2330 903 2409; x_wconf 84' lang='lat' dir='ltr'><strong>oblivioni</strong></span> <span class='ocrx_word' id='word_1_135' title='bbox 930 2357 1067 2409; x_wconf 89' lang='lat' dir='ltr'><strong>rursus</strong></span> <span class='ocrx_word' id='word_1_136' title='bbox 1092 2332 1236 2410; x_wconf 86' lang='lat' dir='ltr'><strong>tradita</strong></span> <span class='ocrx_word' id='word_1_137' title='bbox 1263 2338 1358 2431; x_wconf 86' lang='lat' dir='ltr'><strong>sint,</strong></span> <span class='ocrx_word' id='word_1_138' title='bbox 1385 2334 1445 2411; x_wconf 85' lang='lat' dir='ltr'><strong>vel</strong></span> <span class='ocrx_word' id='word_1_139' title='bbox 1474 2334 1652 2439; x_wconf 87' lang='lat' dir='ltr'><strong>denique,</strong></span> <span class='ocrx_word' id='word_1_140' title='bbox 1680 2333 1772 2412; x_wconf 86' lang='lat' dir='ltr'><strong>licet</strong></span> <span class='ocrx_word' id='word_1_141' title='bbox 1797 2359 1870 2437; x_wconf 91' lang='lat' dir='ltr'><strong>pro</strong></span> <span class='ocrx_word' id='word_1_142' title='bbox 1896 2336 2012 2408; x_wconf 82' lang='lat' dir='ltr'><strong>mira·</strong></span> <span class='ocrx_word' id='word_1_143' title='bbox 2073 2322 2083 2330; x_wconf 37' lang='lat'>⁸</span> 
     </span>
    </p>
   </div>
   <div class='ocr_carea' id='block_1_3' title="bbox 193 2472 2011 2580">
    <p class='ocr_par' dir='ltr' id='par_1_4' title="bbox 193 2472 2011 2580">
     <span class='ocr_line' id='line_1_15' title="bbox 193 2472 2011 2580; baseline -0.001 -25"><span class='ocrx_word' id='word_1_144' title='bbox 193 2479 288 2555; x_wconf 90' lang='lat' dir='ltr'><strong>culis</strong></span> <span class='ocrx_word' id='word_1_145' title='bbox 315 2482 411 2553; x_wconf 86' lang='lat' dir='ltr'><strong>artis</strong></span> <span class='ocrx_word' id='word_1_146' title='bbox 439 2476 640 2579; x_wconf 83' lang='lat' dir='ltr'><strong>stupendis</strong></span> <span class='ocrx_word' id='word_1_147' title='bbox 668 2480 745 2552; x_wconf 89' lang='lat' dir='ltr'><strong>sint</strong></span> <span class='ocrx_word' id='word_1_148' title='bbox 772 2472 921 2573; x_wconf 85' lang='lat' dir='ltr'><strong>habita,</strong></span> <span class='ocrx_word' id='word_1_149' title='bbox 949 2479 1077 2553; x_wconf 91' lang='lat' dir='ltr'><strong>tamen</strong></span> <span class='ocrx_word' id='word_1_150' title='bbox 1104 2480 1180 2552; x_wconf 83' lang='lat' dir='ltr'><strong>tam</strong></span> <span class='ocrx_word' id='word_1_151' title='bbox 1208 2486 1343 2579; x_wconf 79' lang='lat' dir='ltr'><strong>parum</strong></span> <span class='ocrx_word' id='word_1_152' title='bbox 1370 2477 1644 2580; x_wconf 78' lang='lat' dir='ltr'><strong>intelligantur,</strong></span> <span class='ocrx_word' id='word_1_153' title='bbox 1670 2481 1715 2553; x_wconf 92' lang='lat' dir='ltr'><strong>nt</strong></span> <span class='ocrx_word' id='word_1_154' title='bbox 1741 2503 1813 2579; x_wconf 88' lang='lat' dir='ltr'><strong>pro</strong></span> <span class='ocrx_word' id='word_1_155' title='bbox 1846 2498 1925 2553; x_wconf 89' lang='lat' dir='ltr'><strong>non</strong></span> <span class='ocrx_word' id='word_1_156' title='bbox 1952 2480 2011 2554; x_wconf 87' lang='lat' dir='ltr'><strong>in·</strong></span> 
     </span>
    </p>
   </div>
   <div class='ocr_carea' id='block_1_4' title="bbox 193 2619 2028 2869">
    <p class='ocr_par' dir='ltr' id='par_1_5' title="bbox 193 2619 2028 2869">
     <span class='ocr_line' id='line_1_16' title="bbox 193 2619 717 2698; baseline 0.006 -6"><span class='ocrx_word' id='word_1_157' title='bbox 193 2626 317 2698; x_wconf 81' lang='lat' dir='ltr'><strong>ventis</strong></span> <span class='ocrx_word' id='word_1_158' title='bbox 345 2619 602 2696; x_wconf 80' lang='lat' dir='ltr'><strong>oxistlmanda</strong></span> <span class='ocrx_word' id='word_1_159' title='bbox 630 2623 717 2695; x_wconf 84' lang='lat' dir='ltr'><strong>slot.</strong></span> 
     </span>
     <span class='ocr_line' id='line_1_17' title="bbox 326 2760 2028 2869; baseline 0.002 -31"><span class='ocrx_word' id='word_1_160' title='bbox 326 2761 452 2866; x_wconf 84' lang='lat' dir='ltr'><strong>llujns</strong></span> <span class='ocrx_word' id='word_1_161' title='bbox 478 2767 536 2839; x_wconf 88' lang='lat' dir='ltr'><strong>rei</strong></span> <span class='ocrx_word' id='word_1_162' title='bbox 562 2790 683 2839; x_wconf 88' lang='lat' dir='ltr'><strong>causa</strong></span> <span class='ocrx_word' id='word_1_163' title='bbox 708 2764 845 2863; x_wconf 87' lang='lat' dir='ltr'><strong>partim</strong></span> <span class='ocrx_word' id='word_1_164' title='bbox 874 2766 914 2836; x_wconf 87' lang='lat' dir='ltr'><strong>in</strong></span> <span class='ocrx_word' id='word_1_165' title='bbox 943 2789 990 2840; x_wconf 91' lang='lat' dir='ltr'><strong>eo</strong></span> <span class='ocrx_word' id='word_1_166' title='bbox 1017 2766 1146 2864; x_wconf 88' lang='lat' dir='ltr'><strong>posita</strong></span> <span class='ocrx_word' id='word_1_167' title='bbox 1172 2770 1248 2860; x_wconf 92' lang='lat' dir='ltr'><strong>est,</strong></span> <span class='ocrx_word' id='word_1_168' title='bbox 1277 2760 1380 2869; x_wconf 90' lang='lat' dir='ltr'><strong>qnod</strong></span> <span class='ocrx_word' id='word_1_169' title='bbox 1407 2766 1483 2865; x_wconf 89' lang='lat' dir='ltr'><strong>ipsi</strong></span> <span class='ocrx_word' id='word_1_170' title='bbox 1502 2766 1720 2840; x_wconf 78' lang='lat' dir='ltr'><strong>inventores</strong></span> <span class='ocrx_word' id='word_1_171' title='bbox 1752 2770 1791 2840; x_wconf 94' lang='lat' dir='ltr'><strong>in</strong></span> <span class='ocrx_word' id='word_1_172' title='bbox 1817 2761 2028 2866; x_wconf 18' lang='lat' dir='ltr'><strong>explicam,</strong></span> 
     </span>
    </p>
   </div>
   <div class='ocr_carea' id='block_1_5' title="bbox 10 2889 2037 3013">
    <p class='ocr_par' dir='ltr' id='par_1_6' title="bbox 10 2889 2037 3013">
     <span class='ocr_line' id='line_1_18' title="bbox 10 2889 2037 3013; baseline 0.001 -34"><span class='ocrx_word' id='word_1_173' title='bbox 10 2968 14 2979; x_wconf 80' lang='grc'>,</span> <span class='ocrx_word' id='word_1_174' title='bbox 56 3004 61 3013; x_wconf 29' lang='grc' dir='ltr'>Ι</span> <span class='ocrx_word' id='word_1_175' title='bbox 191 2905 250 2983; x_wconf 90' lang='lat' dir='ltr'><strong>dis</strong></span> <span class='ocrx_word' id='word_1_176' title='bbox 277 2910 441 2983; x_wconf 80' lang='lat' dir='ltr'><strong>inventis</strong></span> <span class='ocrx_word' id='word_1_177' title='bbox 468 2908 549 2982; x_wconf 88' lang='lat' dir='ltr'><strong>suis</strong></span> <span class='ocrx_word' id='word_1_178' title='bbox 577 2908 757 2982; x_wconf 88' lang='lat' dir='ltr'><strong>minutias</strong></span> <span class='ocrx_word' id='word_1_179' title='bbox 785 2907 920 2981; x_wconf 84' lang='lat' dir='ltr'><strong>sectati</strong></span> <span class='ocrx_word' id='word_1_180' title='bbox 948 2930 1131 2982; x_wconf 89' lang='lat' dir='ltr'><strong>summam</strong></span> <span class='ocrx_word' id='word_1_181' title='bbox 1158 2910 1215 2983; x_wconf 89' lang='lat' dir='ltr'><strong>rei</strong></span> <span class='ocrx_word' id='word_1_182' title='bbox 1242 2933 1320 2982; x_wconf 90' lang='lat' dir='ltr'><strong>non</strong></span> <span class='ocrx_word' id='word_1_183' title='bbox 1349 2910 1453 2983; x_wconf 90' lang='lat' dir='ltr'><strong>omni</strong></span> <span class='ocrx_word' id='word_1_184' title='bbox 1478 2909 1680 3010; x_wconf 83' lang='lat' dir='ltr'><strong>gravitatis</strong></span> <span class='ocrx_word' id='word_1_185' title='bbox 1699 2907 1869 3007; x_wconf 89' lang='lat' dir='ltr'><strong>pondere</strong></span> <span class='ocrx_word' id='word_1_186' title='bbox 1884 2889 2037 2985; x_wconf 54' lang='lat' dir='ltr'><strong>osten·¹</strong></span> 
     </span>
    </p>
   </div>
   <div class='ocr_carea' id='block_1_6' title="bbox 190 3047 2121 4010">
    <p class='ocr_par' dir='ltr' id='par_1_7' title="bbox 190 3047 2121 3698">
     <span class='ocr_line' id='line_1_19' title="bbox 191 3047 2013 3154; baseline -0.001 -28"><span class='ocrx_word' id='word_1_187' title='bbox 191 3048 346 3146; x_wconf 89' lang='lat' dir='ltr'><strong>derunt,</strong></span> <span class='ocrx_word' id='word_1_188' title='bbox 375 3075 446 3126; x_wconf 91' lang='lat' dir='ltr'><strong>nec</strong></span> <span class='ocrx_word' id='word_1_189' title='bbox 472 3047 793 3127; x_wconf 88' lang='lat' dir='ltr'><strong>necessitudinem</strong></span> <span class='ocrx_word' id='word_1_190' title='bbox 820 3048 971 3123; x_wconf 86' lang='lat' dir='ltr'><strong>inloto</strong></span> <span class='ocrx_word' id='word_1_191' title='bbox 999 3076 1125 3126; x_wconf 92' lang='lat' dir='ltr'><strong>rernm</strong></span> <span class='ocrx_word' id='word_1_192' title='bbox 1155 3047 1288 3126; x_wconf 85' lang='lat' dir='ltr'><strong>ordine</strong></span> <span class='ocrx_word' id='word_1_193' title='bbox 1315 3053 1411 3125; x_wconf 85' lang='lat' dir='ltr'><strong>satis</strong></span> <span class='ocrx_word' id='word_1_194' title='bbox 1440 3048 1741 3152; x_wconf 77' lang='lat' dir='ltr'><strong>explicaverunt,</strong></span> <span class='ocrx_word' id='word_1_195' title='bbox 1760 3053 1846 3146; x_wconf 74' lang='lat' dir='ltr'><strong>vita,</strong></span> <span class='ocrx_word' id='word_1_196' title='bbox 1873 3050 1918 3125; x_wconf 91' lang='lat' dir='ltr'><strong>ut</strong></span> <span class='ocrx_word' id='word_1_197' title='bbox 1943 3074 2013 3154; x_wconf 86' lang='lat' dir='ltr'><strong>op·</strong></span> 
     </span>
     <span class='ocr_line' id='line_1_20' title="bbox 191 3163 2012 3296; baseline 0.001 -28"><span class='ocrx_word' id='word_1_198' title='bbox 191 3195 336 3294; x_wconf 87' lang='lat' dir='ltr'><strong>posito,</strong></span> <span class='ocrx_word' id='word_1_199' title='bbox 366 3219 462 3296; x_wconf 89' lang='lat' dir='ltr'><strong>qnae</strong></span> <span class='ocrx_word' id='word_1_200' title='bbox 488 3174 691 3295; x_wconf 88' lang='lat' dir='ltr'><strong>unicnique</strong></span> <span class='ocrx_word' id='word_1_201' title='bbox 716 3193 775 3267; x_wconf 89' lang='lat' dir='ltr'><strong>rei</strong></span> <span class='ocrx_word' id='word_1_202' title='bbox 801 3190 1024 3268; x_wconf 86' lang='lat' dir='ltr'><strong>naturaliter</strong></span> <span class='ocrx_word' id='word_1_203' title='bbox 1050 3196 1198 3288; x_wconf 88' lang='lat' dir='ltr'><strong>insunt,</strong></span> <span class='ocrx_word' id='word_1_204' title='bbox 1227 3192 1534 3268; x_wconf 85' lang='lat' dir='ltr'><strong>conciliarentur.</strong></span> <span class='ocrx_word' id='word_1_205' title='bbox 1573 3163 1729 3286; x_wconf 30' lang='lat' dir='ltr'><strong>&#39;Quare</strong></span> <span class='ocrx_word' id='word_1_206' title='bbox 1750 3191 1811 3290; x_wconf 82' lang='lat' dir='ltr'><strong>tit,</strong></span> <span class='ocrx_word' id='word_1_207' title='bbox 1851 3175 1897 3269; x_wconf 83' lang='lat' dir='ltr'><strong>ut</strong></span> <span class='ocrx_word' id='word_1_208' title='bbox 1921 3170 2012 3269; x_wconf 80' lang='lat' dir='ltr'><strong>con-</strong></span> 
     </span>
     <span class='ocr_line' id='line_1_21' title="bbox 190 3332 2121 3439; baseline 0.002 -28"><span class='ocrx_word' id='word_1_209' title='bbox 190 3347 251 3412; x_wconf 90' lang='lat' dir='ltr'><strong>tra</strong></span> <span class='ocrx_word' id='word_1_210' title='bbox 277 3336 490 3413; x_wconf 85' lang='lat' dir='ltr'><strong>doctrinam</strong></span> <span class='ocrx_word' id='word_1_211' title='bbox 516 3337 595 3410; x_wconf 91' lang='lat' dir='ltr'><strong>tam</strong></span> <span class='ocrx_word' id='word_1_212' title='bbox 626 3333 846 3436; x_wconf 87' lang='lat' dir='ltr'><strong>imperfecte</strong></span> <span class='ocrx_word' id='word_1_213' title='bbox 878 3337 1093 3435; x_wconf 76' lang='lat' dir='ltr'><strong>expositam</strong></span> <span class='ocrx_word' id='word_1_214' title='bbox 1125 3334 1245 3410; x_wconf 83' lang='lat' dir='ltr'><strong>multa</strong></span> <span class='ocrx_word' id='word_1_215' title='bbox 1276 3332 1533 3438; x_wconf 88' lang='lat' dir='ltr'><strong>disputentur,</strong></span> <span class='ocrx_word' id='word_1_216' title='bbox 1569 3332 1617 3410; x_wconf 89' lang='lat' dir='ltr'><strong>ab</strong></span> <span class='ocrx_word' id='word_1_217' title='bbox 1650 3340 1698 3412; x_wconf 88' lang='lat' dir='ltr'><strong>iis</strong></span> <span class='ocrx_word' id='word_1_218' title='bbox 1730 3341 1915 3434; x_wconf 82' lang='lat' dir='ltr'><strong>maxime,</strong></span> <span class='ocrx_word' id='word_1_219' title='bbox 1947 3341 2013 3439; x_wconf 86' lang='lat' dir='ltr'><strong>qut</strong></span> <span class='ocrx_word' id='word_1_220' title='bbox 2118 3430 2121 3435; x_wconf 19' lang='lat'><em>¹</em></span> 
     </span>
     <span class='ocr_line' id='line_1_22' title="bbox 191 3428 2012 3583; baseline 0.002 -30"><span class='ocrx_word' id='word_1_221' title='bbox 191 3474 438 3555; x_wconf 84' lang='lat' dir='ltr'><strong>interioribus</strong></span> <span class='ocrx_word' id='word_1_222' title='bbox 464 3477 542 3555; x_wconf 90' lang='lat' dir='ltr'><strong>illis</strong></span> <span class='ocrx_word' id='word_1_223' title='bbox 576 3428 868 3555; x_wconf 62' lang='lat' dir='ltr'><strong>difficultatibus</strong></span> <span class='ocrx_word' id='word_1_224' title='bbox 894 3480 934 3554; x_wconf 92' lang='lat' dir='ltr'><strong>in</strong></span> <span class='ocrx_word' id='word_1_225' title='bbox 962 3506 1006 3556; x_wconf 91' lang='lat' dir='ltr'><strong>re</strong></span> <span class='ocrx_word' id='word_1_226' title='bbox 1032 3481 1121 3581; x_wconf 83' lang='lat' dir='ltr'><strong>ipsa</strong></span> <span class='ocrx_word' id='word_1_227' title='bbox 1147 3480 1233 3555; x_wconf 89' lang='lat' dir='ltr'><strong>sitis</strong></span> <span class='ocrx_word' id='word_1_228' title='bbox 1259 3477 1458 3575; x_wconf 87' lang='lat' dir='ltr'><strong>tollendis,</strong></span> <span class='ocrx_word' id='word_1_229' title='bbox 1500 3478 1826 3583; x_wconf 87' lang='lat' dir='ltr'><strong>conciliandisque</strong></span> <span class='ocrx_word' id='word_1_230' title='bbox 1855 3481 2012 3580; x_wconf 81' lang='lat' dir='ltr'><strong>opposi·</strong></span> 
     </span>
     <span class='ocr_line' id='line_1_23' title="bbox 193 3620 653 3698; baseline 0.011 -5"><span class='ocrx_word' id='word_1_231' title='bbox 193 3622 243 3694; x_wconf 90' lang='lat' dir='ltr'><strong>tis</strong></span> <span class='ocrx_word' id='word_1_232' title='bbox 270 3624 421 3697; x_wconf 89' lang='lat' dir='ltr'><strong>minime</strong></span> <span class='ocrx_word' id='word_1_233' title='bbox 449 3620 653 3698; x_wconf 79' lang='lat' dir='ltr'><strong>sufficiant.</strong></span> 
     </span>
    </p>

    <p class='ocr_par' dir='ltr' id='par_1_8' title="bbox 192 3763 2013 4010">
     <span class='ocr_line' id='line_1_24' title="bbox 326 3763 2013 3869; baseline 0.004 -33"><span class='ocrx_word' id='word_1_234' title='bbox 326 3763 474 3839; x_wconf 79' lang='lat' dir='ltr'><strong>Contra</strong></span> <span class='ocrx_word' id='word_1_235' title='bbox 500 3764 591 3840; x_wconf 89' lang='lat' dir='ltr'><strong>sunt</strong></span> <span class='ocrx_word' id='word_1_236' title='bbox 616 3763 759 3866; x_wconf 87' lang='lat' dir='ltr'><strong>placita</strong></span> <span class='ocrx_word' id='word_1_237' title='bbox 785 3765 944 3839; x_wconf 87' lang='lat' dir='ltr'><strong>minoris</strong></span> <span class='ocrx_word' id='word_1_238' title='bbox 970 3768 1167 3860; x_wconf 85' lang='lat' dir='ltr'><strong>momenti,</strong></span> <span class='ocrx_word' id='word_1_239' title='bbox 1210 3791 1325 3869; x_wconf 84' lang='lat' dir='ltr'><strong>qnae,</strong></span> <span class='ocrx_word' id='word_1_240' title='bbox 1367 3789 1451 3839; x_wconf 90' lang='lat' dir='ltr'><strong>cum</strong></span> <span class='ocrx_word' id='word_1_241' title='bbox 1480 3763 1573 3842; x_wconf 88' lang='lat' dir='ltr'><strong>nulli</strong></span> <span class='ocrx_word' id='word_1_242' title='bbox 1600 3770 1657 3842; x_wconf 88' lang='lat' dir='ltr'><strong>rei</strong></span> <span class='ocrx_word' id='word_1_243' title='bbox 1685 3767 1864 3867; x_wconf 86' lang='lat' dir='ltr'><strong>receptae</strong></span> <span class='ocrx_word' id='word_1_244' title='bbox 1898 3789 2013 3867; x_wconf 85' lang='lat' dir='ltr'><strong>repu-</strong></span> 
     </span>
     <span class='ocr_line' id='line_1_25' title="bbox 192 3904 2012 4010; baseline 0.004 -32"><span class='ocrx_word' id='word_1_245' title='bbox 192 3913 313 4005; x_wconf 88' lang='lat' dir='ltr'><strong>gnent</strong></span> <span class='ocrx_word' id='word_1_246' title='bbox 331 3905 447 4007; x_wconf 88' lang='lat' dir='ltr'><strong>atque</strong></span> <span class='ocrx_word' id='word_1_247' title='bbox 465 3904 547 3981; x_wconf 81' lang='lat' dir='ltr'><strong>lere</strong></span> <span class='ocrx_word' id='word_1_248' title='bbox 559 3905 643 4009; x_wconf 90' lang='lat' dir='ltr'><strong>jam</strong></span> <span class='ocrx_word' id='word_1_249' title='bbox 671 3907 829 4008; x_wconf 87' lang='lat' dir='ltr'><strong>cognita</strong></span> <span class='ocrx_word' id='word_1_250' title='bbox 855 3930 880 3980; x_wconf 84' lang='lat' dir='ltr'><strong>a</strong></span> <span class='ocrx_word' id='word_1_251' title='bbox 906 3911 1041 4010; x_wconf 85' lang='lat' dir='ltr'><strong>quovis</strong></span> <span class='ocrx_word' id='word_1_252' title='bbox 1070 3906 1181 3985; x_wconf 80' lang='lat' dir='ltr'><strong>facile</strong></span> <span class='ocrx_word' id='word_1_253' title='bbox 1208 3905 1484 4009; x_wconf 85' lang='lat' dir='ltr'><strong>intelligantur,</strong></span> <span class='ocrx_word' id='word_1_254' title='bbox 1511 3907 1717 3984; x_wconf 82' lang='lat' dir='ltr'><strong>festinatim</strong></span> <span class='ocrx_word' id='word_1_255' title='bbox 1746 3915 1783 3983; x_wconf 91' lang='lat' dir='ltr'><strong>et</strong></span> <span class='ocrx_word' id='word_1_256' title='bbox 1807 3911 2012 3987; x_wconf 81' lang='lat' dir='ltr'><strong>universim</strong></span> 
     </span>
    </p>
   </div>
   <div class='ocr_carea' id='block_1_7' title="bbox 191 4044 2172 4155">
    <p class='ocr_par' dir='ltr' id='par_1_9' title="bbox 191 4044 2172 4155">
     <span class='ocr_line' id='line_1_26' title="bbox 191 4044 2172 4155; baseline 0.004 -34"><span class='ocrx_word' id='word_1_257' title='bbox 191 4048 427 4146; x_wconf 87' lang='lat' dir='ltr'><strong>accipiantur</strong></span> <span class='ocrx_word' id='word_1_258' title='bbox 453 4046 641 4151; x_wconf 86' lang='lat' dir='ltr'><strong>simulque</strong></span> <span class='ocrx_word' id='word_1_259' title='bbox 665 4044 907 4145; x_wconf 86' lang='lat' dir='ltr'><strong>auctoribus,</strong></span> <span class='ocrx_word' id='word_1_260' title='bbox 937 4053 1003 4153; x_wconf 92' lang='lat' dir='ltr'><strong>qni</strong></span> <span class='ocrx_word' id='word_1_261' title='bbox 1030 4075 1108 4126; x_wconf 88' lang='lat' dir='ltr'><strong>non</strong></span> <span class='ocrx_word' id='word_1_262' title='bbox 1134 4051 1295 4125; x_wconf 85' lang='lat' dir='ltr'><strong>scientia</strong></span> <span class='ocrx_word' id='word_1_263' title='bbox 1323 4049 1391 4125; x_wconf 87' lang='lat' dir='ltr'><strong>sed</strong></span> <span class='ocrx_word' id='word_1_264' title='bbox 1418 4049 1611 4154; x_wconf 88' lang='lat' dir='ltr'><strong>loquendo</strong></span> <span class='ocrx_word' id='word_1_265' title='bbox 1639 4050 1828 4152; x_wconf 87' lang='lat' dir='ltr'><strong>polleant,</strong></span> <span class='ocrx_word' id='word_1_266' title='bbox 1866 4076 2013 4155; x_wconf 85' lang='lat' dir='ltr'><strong>magno</strong></span> <span class='ocrx_word' id='word_1_267' title='bbox 2167 4107 2172 4115; x_wconf 85' lang='lat'>-</span> 
     </span>
    </p>
   </div>
   <div class='ocr_carea' id='block_1_8' title="bbox 127 4187 2049 5012">
    <p class='ocr_par' dir='ltr' id='par_1_10' title="bbox 191 4187 2049 4297">
     <span class='ocr_line' id='line_1_27' title="bbox 191 4187 2049 4297; baseline 0.005 -34"><span class='ocrx_word' id='word_1_268' title='bbox 191 4187 331 4264; x_wconf 88' lang='lat' dir='ltr'><strong>honori</strong></span> <span class='ocrx_word' id='word_1_269' title='bbox 357 4187 564 4286; x_wconf 87' lang='lat' dir='ltr'><strong>ducantur,</strong></span> <span class='ocrx_word' id='word_1_270' title='bbox 593 4193 761 4294; x_wconf 83' lang='lat' dir='ltr'><strong>quamvis</strong></span> <span class='ocrx_word' id='word_1_271' title='bbox 789 4194 972 4267; x_wconf 84' lang='lat' dir='ltr'><strong>scientiae</strong></span> <span class='ocrx_word' id='word_1_272' title='bbox 1000 4218 1079 4267; x_wconf 92' lang='lat' dir='ltr'><strong>non</strong></span> <span class='ocrx_word' id='word_1_273' title='bbox 1106 4193 1262 4268; x_wconf 92' lang='lat' dir='ltr'><strong>multum</strong></span> <span class='ocrx_word' id='word_1_274' title='bbox 1289 4196 1454 4293; x_wconf 84' lang='lat' dir='ltr'><strong>prosint.</strong></span> <span class='ocrx_word' id='word_1_275' title='bbox 1509 4195 1591 4273; x_wconf 82' lang='lat' dir='ltr'><strong>llae</strong></span> <span class='ocrx_word' id='word_1_276' title='bbox 1618 4192 1734 4294; x_wconf 87' lang='lat' dir='ltr'><strong>paulo</strong></span> <span class='ocrx_word' id='word_1_277' title='bbox 1762 4201 1852 4294; x_wconf 92' lang='lat' dir='ltr'><strong>post</strong></span> <span class='ocrx_word' id='word_1_278' title='bbox 1875 4220 2013 4297; x_wconf 87' lang='lat' dir='ltr'><strong>perpe·</strong></span> <span class='ocrx_word' id='word_1_279' title='bbox 2032 4188 2049 4207; x_wconf 59' lang='lat'><strong>⁹</strong></span> 
     </span>
    </p>

    <p class='ocr_par' dir='ltr' id='par_1_11' title="bbox 192 4328 2014 4440">
     <span class='ocr_line' id='line_1_28' title="bbox 192 4328 2014 4440; baseline 0.005 -35"><span class='ocrx_word' id='word_1_280' title='bbox 192 4334 279 4407; x_wconf 86' lang='lat' dir='ltr'><strong>tuae</strong></span> <span class='ocrx_word' id='word_1_281' title='bbox 313 4328 497 4408; x_wconf 83' lang='lat' dir='ltr'><strong>oblivioni</strong></span> <span class='ocrx_word' id='word_1_282' title='bbox 529 4332 746 4429; x_wconf 88' lang='lat' dir='ltr'><strong>traduntur,</strong></span> <span class='ocrx_word' id='word_1_283' title='bbox 789 4359 873 4408; x_wconf 93' lang='lat' dir='ltr'><strong>cum</strong></span> <span class='ocrx_word' id='word_1_284' title='bbox 905 4338 1086 4438; x_wconf 83' lang='lat' dir='ltr'><strong>graviora</strong></span> <span class='ocrx_word' id='word_1_285' title='bbox 1113 4334 1178 4412; x_wconf 87' lang='lat' dir='ltr'><strong>illa</strong></span> <span class='ocrx_word' id='word_1_286' title='bbox 1209 4339 1380 4431; x_wconf 79' lang='lat' dir='ltr'><strong>inventa,</strong></span> <span class='ocrx_word' id='word_1_287' title='bbox 1423 4339 1547 4438; x_wconf 89' lang='lat' dir='ltr'><strong>primo</strong></span> <span class='ocrx_word' id='word_1_288' title='bbox 1569 4364 1598 4412; x_wconf 85' lang='lat' dir='ltr'><strong>a</strong></span> <span class='ocrx_word' id='word_1_289' title='bbox 1624 4333 1756 4411; x_wconf 88' lang='lat' dir='ltr'><strong>multis</strong></span> <span class='ocrx_word' id='word_1_290' title='bbox 1787 4341 2014 4440; x_wconf 75' lang='lat' dir='ltr'><strong>impugnata</strong></span> 
     </span>
    </p>

    <p class='ocr_par' dir='ltr' id='par_1_12' title="bbox 160 4468 2013 4582">
     <span class='ocr_line' id='line_1_29' title="bbox 160 4468 2013 4582; baseline 0.004 -33"><span class='ocrx_word' id='word_1_291' title='bbox 160 4468 162 4475; x_wconf 73' lang='grc'><strong>’</strong></span> <span class='ocrx_word' id='word_1_292' title='bbox 191 4471 342 4564; x_wconf 87' lang='lat' dir='ltr'><strong>tandem</strong></span> <span class='ocrx_word' id='word_1_293' title='bbox 370 4501 440 4575; x_wconf 90' lang='lat' dir='ltr'><strong>per</strong></span> <span class='ocrx_word' id='word_1_294' title='bbox 467 4501 510 4550; x_wconf 91' lang='lat' dir='ltr'><strong>se</strong></span> <span class='ocrx_word' id='word_1_295' title='bbox 537 4479 630 4575; x_wconf 87' lang='lat' dir='ltr'><strong>ipsa</strong></span> <span class='ocrx_word' id='word_1_296' title='bbox 651 4479 851 4579; x_wconf 90' lang='lat' dir='ltr'><strong>emergant</strong></span> <span class='ocrx_word' id='word_1_297' title='bbox 875 4480 916 4554; x_wconf 91' lang='lat' dir='ltr'><strong>et</strong></span> <span class='ocrx_word' id='word_1_298' title='bbox 941 4504 1155 4581; x_wconf 88' lang='lat' dir='ltr'><strong>progressu</strong></span> <span class='ocrx_word' id='word_1_299' title='bbox 1182 4481 1348 4556; x_wconf 91' lang='lat' dir='ltr'><strong>aetatum</strong></span> <span class='ocrx_word' id='word_1_300' title='bbox 1377 4487 1415 4555; x_wconf 91' lang='lat' dir='ltr'><strong>et</strong></span> <span class='ocrx_word' id='word_1_301' title='bbox 1446 4479 1657 4554; x_wconf 88' lang='lat' dir='ltr'><strong>litterarum</strong></span> <span class='ocrx_word' id='word_1_302' title='bbox 1694 4483 1915 4560; x_wconf 84' lang='lat' dir='ltr'><strong>necessario</strong></span> <span class='ocrx_word' id='word_1_303' title='bbox 1942 4505 2013 4582; x_wconf 92' lang='lat' dir='ltr'><strong>po·</strong></span> 
     </span>
    </p>

    <p class='ocr_par' dir='ltr' id='par_1_13' title="bbox 192 4612 2012 4731">
     <span class='ocr_line' id='line_1_30' title="bbox 192 4612 2012 4731; baseline 0.007 -41"><span class='ocrx_word' id='word_1_304' title='bbox 192 4617 396 4713; x_wconf 88' lang='lat' dir='ltr'><strong>stulentur,</strong></span> <span class='ocrx_word' id='word_1_305' title='bbox 437 4614 666 4719; x_wconf 87' lang='lat' dir='ltr'><strong>urgentibus</strong></span> <span class='ocrx_word' id='word_1_306' title='bbox 691 4618 773 4724; x_wconf 87' lang='lat' dir='ltr'><strong>jam</strong></span> <span class='ocrx_word' id='word_1_307' title='bbox 808 4618 990 4698; x_wconf 89' lang='lat' dir='ltr'><strong>scientiae</strong></span> <span class='ocrx_word' id='word_1_308' title='bbox 1021 4620 1171 4698; x_wconf 87' lang='lat' dir='ltr'><strong>altioris</strong></span> <span class='ocrx_word' id='word_1_309' title='bbox 1208 4612 1469 4717; x_wconf 86' lang='lat' dir='ltr'><strong>incrementis,</strong></span> <span class='ocrx_word' id='word_1_310' title='bbox 1511 4626 1654 4725; x_wconf 88' lang='lat' dir='ltr'><strong>quippe</strong></span> <span class='ocrx_word' id='word_1_311' title='bbox 1691 4620 1802 4728; x_wconf 87' lang='lat' dir='ltr'><strong>cnjus</strong></span> <span class='ocrx_word' id='word_1_312' title='bbox 1835 4620 2012 4731; x_wconf 77' lang='lat' dir='ltr'><strong>singulae</strong></span> 
     </span>
    </p>

    <p class='ocr_par' dir='ltr' id='par_1_14' title="bbox 127 4761 2012 5012">
     <span class='ocr_line' id='line_1_31' title="bbox 127 4761 2012 4872; baseline 0.008 -41"><span class='ocrx_word' id='word_1_313' title='bbox 127 4779 130 4783; x_wconf 84' lang='lat'>·</span> <span class='ocrx_word' id='word_1_314' title='bbox 190 4763 322 4858; x_wconf 88' lang='lat' dir='ltr'><strong>partes</strong></span> <span class='ocrx_word' id='word_1_315' title='bbox 346 4763 428 4836; x_wconf 88' lang='lat' dir='ltr'><strong>tum</strong></span> <span class='ocrx_word' id='word_1_316' title='bbox 456 4761 618 4865; x_wconf 90' lang='lat' dir='ltr'><strong>denique</strong></span> <span class='ocrx_word' id='word_1_317' title='bbox 650 4787 777 4839; x_wconf 81' lang='lat' dir='ltr'><strong>veram</strong></span> <span class='ocrx_word' id='word_1_318' title='bbox 809 4768 1081 4841; x_wconf 87' lang='lat' dir='ltr'><strong>nanciscantur</strong></span> <span class='ocrx_word' id='word_1_319' title='bbox 1106 4768 1198 4860; x_wconf 87' lang='lat' dir='ltr'><strong>vim,</strong></span> <span class='ocrx_word' id='word_1_320' title='bbox 1233 4788 1348 4869; x_wconf 84' lang='lat' dir='ltr'><strong>quum</strong></span> <span class='ocrx_word' id='word_1_321' title='bbox 1374 4770 1474 4842; x_wconf 87' lang='lat' dir='ltr'><strong>inter</strong></span> <span class='ocrx_word' id='word_1_322' title='bbox 1500 4791 1555 4843; x_wconf 81' lang='lat' dir='ltr'><strong>ee</strong></span> <span class='ocrx_word' id='word_1_323' title='bbox 1570 4764 1798 4872; x_wconf 85' lang='lat' dir='ltr'><strong>conjunctae</strong></span> <span class='ocrx_word' id='word_1_324' title='bbox 1823 4771 1863 4843; x_wconf 91' lang='lat' dir='ltr'><strong>in</strong></span> <span class='ocrx_word' id='word_1_325' title='bbox 1895 4790 2012 4846; x_wconf 69' lang='lat' dir='ltr'><strong>wan</strong></span> 
     </span>
     <span class='ocr_line' id='line_1_32' title="bbox 191 4900 1354 5012; baseline 0.006 -34"><span class='ocrx_word' id='word_1_326' title='bbox 191 4908 227 4978; x_wconf 89' lang='lat' dir='ltr'><strong>et</strong></span> <span class='ocrx_word' id='word_1_327' title='bbox 254 4928 325 5002; x_wconf 92' lang='lat' dir='ltr'><strong>per</strong></span> <span class='ocrx_word' id='word_1_328' title='bbox 352 4928 394 4980; x_wconf 87' lang='lat' dir='ltr'><strong>se</strong></span> <span class='ocrx_word' id='word_1_329' title='bbox 421 4900 635 4983; x_wconf 87' lang='lat' dir='ltr'><strong>absolutum</strong></span> <span class='ocrx_word' id='word_1_330' title='bbox 662 4908 782 4981; x_wconf 92' lang='lat' dir='ltr'><strong>totum</strong></span> <span class='ocrx_word' id='word_1_331' title='bbox 808 4907 1029 5012; x_wconf 81' lang='lat' dir='ltr'><strong>planissime</strong></span> <span class='ocrx_word' id='word_1_332' title='bbox 1056 4906 1315 5012; x_wconf 81' lang='lat' dir='ltr'><strong>conspirant·</strong></span> <span class='ocrx_word' id='word_1_333' title='bbox 1351 4922 1354 4927; x_wconf 84' lang='grc'><strong>’</strong></span> 
     </span>
    </p>
   </div>
   <div class='ocr_carea' id='block_1_9' title="bbox 0 0 2422 6180">
    <p class='ocr_par' dir='ltr' id='par_1_15' title="bbox 0 0 2422 6180">
     <span class='ocr_line' id='line_1_33' title="bbox 0 0 2422 6180; baseline 0 0"><span class='ocrx_word' id='word_1_334' title='bbox 0 0 2422 6180; x_wconf 95' lang='lat' dir='ltr'><strong> </strong></span> 
     </span>
    </p>
   </div>
  </div>
 </body>
</html>
