4830 6188
1081 538 1171 642 105

214 750 414 854 dominans
446 746 597 829 acidum
631 751 874 853 extrinsecus
901 746 1104 849 acceperit.
1133 743 1235 843 (vid.
1261 745 1366 849 llxp.
1396 744 1487 845 45.)
1540 744 1650 822 ilaue
1666 770 1760 824 rerc
1779 746 2033 830 elealescendi

211 884 287 958 rim
315 877 466 959 iacente
493 874 623 971 calore
651 875 828 989 corporis
848 873 988 977 potius
1014 873 1160 975 augeri
1177 896 1291 973 quam
1323 872 1441 947 minui
1473 868 1585 949 facile
1619 873 1781 976 quisque
1812 878 2033 976 perspiciet.

212 1005 298 1083 lioc
330 990 450 1105 igitur
481 986 597 1077 modo
629 997 862 1104 nutrimenta
898 1000 1024 1097 minos
1058 992 1294 1101 digestibilia
1330 996 1446 1074 antea
1478 997 1589 1103 quasi
1620 1001 1806 1076 macerari
1838 1005 1973 1171 atque
1967 996 2034 1079 ad

212 1116 435 1273 ulteriorem
462 1114 732 1229 digestionem
744 1088 994 1224 prabparari
987 1120 1185 1199 videntur.

312 1244 497 1328 contra
503 1238 616 1326 ἰιιιι
641 1251 682 1325 iu
708 1239 898 1325 alimentis
925 1238 1051 1348 magie'
1083 1242 1366 1350 digestibilibus
1399 1247 1519 1326 salira
1550 1251 1728 1350 protinus
1761 1184 2045 1361 oxyda'tlnnem.

210 1376 429 1473 incendere,
456 1372 568 1452 simul
582 1381 708 1450 tamen
727 1369 785 1449 vel
799 1362 1068 1475 alc'alescentia
1094 1371 1154 1450 vel
1181 1376 1395 1477 acescentis
1422 1399 1494 1449 sua
1507 1371 1734 1476 digestionis
1753 1379 1940 1451 actionem
1951 1384 2037 1453 rno-¹

178 1564 182 1583 .
212 1494 349 1581 derare
355 1470 556 1602 vidbtur,
567 1520 618 1575 ue
642 1495 703 1573 vel
731 1492 808 1574 cibi
834 1500 951 1573 nimis
970 1500 1156 1575 acescant
1181 1468 1298 1602 atque
1324 1501 1463 1574 utiosa
1488 1499 1688 1576 ventriculi
1708 1503 1924 1603 acescentis
1943 1527 2033 1579 eva

54 1679 60 1684 -
211 1630 337 1723 cetur,
383 1587 445 1702 cel
471 1614 589 1700 nimis
622 1619 854 1735 alcalescaut
886 1624 1002 1725 atque
1034 1625 1341 1725 corrumpantur.
1395 1623 1531 1728 Neque
1563 1648 1643 1698 nou
1674 1598 1879 1701 verisimile
1906 1628 1967 1700 eet
1991 1629 2032 1702 iu

212 1754 312 1831 bunc
334 1740 540 1852 utrom'qu‘e
568 1745 683 1823 linem
711 1712 853 1822 salinae
879 1742 1065 1844 indolenl,
1098 1753 1215 1848 prout
1241 1742 1414 1823 ciborum
1441 1745 1611 1822 conditio
1638 1727 1792 1849 poscat,
1825 1751 1866 1822 iu
1892 1755 2036 1827 otram

216 1834 290 1983 qnb
315 1874 462 1978 partem
489 1874 585 1949 verti
609 1860 742 1972 posse,
771 1851 884 1973 etque
911 1866 1014 1946 vel
992 1895 1169 1975 acescere
1195 1867 1256 1946 rel
1282 1868 1526 1949 alcalescere.
1580 1871 1692 1947 Tunc
1710 1897 1815 1969 vero,
1836 1898 1920 1949 cum
1933 1872 2038 1952 acidi

213 2004 365 2095 ebetioi,
404 2003 503 2074 inter
535 1992 790 2096 digestionem
823 1997 918 2089 orti,
949 2010 1042 2095 pa'rs
1071 2021 1155 2071 cum
1183 1992 1257 2071 cali
1283 1991 1344 2070 rel
1377 1999 1567 2072 ammonio
1596 1993 1741 2072 sabone
1769 1995 2039 2115 conjungitur,

211 2128 300 2203 iude
328 2124 481 2202 exsistit
507 2117 568 2197 rel
595 2121 668 2198 cali
694 2117 754 2196 vel
782 2124 1010 2221 ammonium
1037 2123 1294 2216 aeeticum,
1281 2147 1323 2196 ιιι
1349 2118 1485 2224 cbymo
1513 2123 1679 2197 omnium
1705 2120 1788 2197 sere
1815 2106 2038 2203 animalium·

213 2234 389 2327 obvium.-
429 2236 474 2323 lu
501 2245 576 2324 boc
601 2239 694 2322 uero
720 2268 848 2323 rerum
876 2242 1042 2349 decrusu
1068 2242 1334 2349 dissolutionis
1359 2271 1569 2347 processus
1594 2248 1745 2348 positus
1773 2254 1844 2323 est.
1990 2288 1993 2293 ·

346 2376 425 2450 Iste
451 2375 580 2449 tamen
609 2372 877 2448 exstinctionis
891 2366 1079 2447 'ciborum
1106 2373 1217 2447 actus
1244 2373 1399 2448 nonnisi
1425 2376 1604 2474 praevius
1638 2374 1752 2475 atque
1784 2379 2034 2475 praeparato·

212 2507 293 2578 rius
321 2505 399 2594 est3
426 2492 672 2602 sequiturque
698 2494 824 2573 vitalis
852 2494 994 2572 salivae
1022 2499 1081 2571 ris
1109 2492 1218 2572 cibos
1245 2493 1293 2570 ad
1321 2499 1573 2599 spontaneam
1600 2498 1871 2600 propriamque
1904 2497 2032 2576 erola·

211 2630 353 2702 tionem
394 2626 510 2727 atque
548 2620 838 2698 vivificationem
870 2598 1115 2718 incendendi,
1158 2647 1235 2726 qua
1279 2623 1320 2698 iu
1352 2624 1578 2735 sangninem
1611 2617 1825 2697 faciendum
1858 2622 2032 2701 tendunt.-

211 2750 453 2865 Principium
474 2743 683 2842 autemid,
711 2741 1349 2850 quodBerzeliusillustrissimus
1376 2728 1585 2855 ptpalinum
1619 2749 1783 2841 vocarit,
1811 2743 2032 2863 adjumento

212 2854 468 2959 secretionum
505 2860 769 2947 membranae
782 2869 992 2949 saecularis
1029 2868 1230 2949 ventriculi
1263 2877 1376 2976 atque
1414 2873 1680 2973 intestinorum
1717 2869 1817 2946 bone
1855 2856 2031 2950 odecimo
2091 2903 2093 2906 ⁴
2139 2927 2144 2935 -
2280 2920 2285 2927 -

211 3006 366 3077 movere
396 2962 556 3073 videtur.
611 2994 784 3087 Quaevis
817 2995 937 3073 saliva
967 2992 1043 3075 boe
1074 2994 1189 3073 modo
1223 3001 1446 3078 venenatum
1479 2990 1595 3072 babet
1627 2992 1803 3070 effectum
1835 2999 1877 3072 in
1909 2984 2030 3076 eibos.

210 3127 314 3200 Mira
338 3120 603 3223 phaenomena
617 3118 663 3197 de
676 3124 809 3196 morsu
823 3095 1055 3222 serpentium
1068 3120 1143 3198 buc
1170 3122 1386 3223 spectantia
1412 3118 1488 3196 olio
1515 3118 1604 3197 loeo
1632 3123 1798 3227 exposui
1824 3118 2032 3220 (dleclrel's

212 3245 364 3323 Archiv.
397 3247 545 3344 wau),
574 3270 673 3349 quae
700 3243 813 3321 dictis
839 3271 918 3323 uon
944 3249 1176 3350 repugnant.
1467 3252 1473 3269 ⁴

346 3365 490 3447 Libera
516 3377 641 3445 autem
673 3368 788 3476 bujns
821 3374 1022 3474 sauguinis
1054 3370 1266 3474 generandi
1297 3373 1460 3448 actionis
1493 3365 1689 3447 absolutio
1721 3379 1940 3450 necessaria
1973 3381 2033 3452 est

116 3503 122 3512 '
214 3494 390 3573 condicio
418 3494 541 3570 omnis
570 3492 810 3595 digestionis.
866 3493 944 3572 Ubi
971 3498 1092 3598 igitur
1117 3495 1318 3574 haec-non
1351 3498 1494 3594 evenit,
1534 3495 1692 3601 cbymus
1723 3500 1765 3571 iu
1797 3520 1925 3573 rerem
1957 3497 2033 3575 scr-

213 3626 479 3715 mcntationem
523 3616 671 3695 acidam
710 3619 771 3695 vel
812 3624 852 3694 iu
891 3616 1004 3696 aliam
1037 3625 1321 3726 corruptionem
1355 3617 1453 3717 abit,
1494 3646 1572 3726 qua
1605 3618 1754 3698 acidum
1786 3617 2032 3700 carbonicmn

95 3823 101 3831 .
213 3751 406 3850 gignitur,
434 3742 537 3847 quod
563 3742 624 3820 vel
650 3742 837 3819 ructando
865 3770 935 3845 per
963 3772 1008 3821 os
1034 3743 1219 3844 redditur,
1246 3744 1307 3823 rel
1338 3741 1663 3823 murmurantibus
1692 3744 1908 3822 devolvitur
1937 3750 2033 3825 inte-¹

215 3874 327 3947 stiuis
354 3876 469 3973 atque
491 3884 566 3968 ¹per
592 3867 717 3943 alvum
747 3867 953 3946 descendit.
1007 3873 1052 3946 lu
1081 3895 1176 3948 sana
1202 3873 1339 3948 contra
1366 3871 1581 3974 digestione
1608 3870 1787 3947 alimenta
1814 3868 2034 3972 oxydautur

215 3998 312 4071 citra
338 4018 487 4091 omnem
514 3995 804 4115 generationem
831 3993 929 4070 acidi
961 3991 1174 4094 carbouici,
1216 4006 1329 4101 atque
1357 3999 1480 4071 omnis
1514 3998 1617 4072 atris
1646 4022 1668 4071 e
1693 3994 1905 4081 ventriculo
1934 4022 2033 4073 eme·

216 4121 343 4194 ιιιιιιίι
372 4115 566 4239 expeditio
595 4113 848 4218 digestionem
875 4123 1000 4224 magis
1027 4124 1198 4198 minusve
1224 4118 1442 4221 impeditam
1469 4147 1557 4198 esse
1585 4119 1801 4198 denunciat.

485 4750 489 4761 .
631 4605 670 4737 ἡ.
821 4624 1081 4777 VllsBe
1126 4608 1429 4781 occiditis.

351 4872 590 4975 ilaguirer'o
603 4868 722 4949 reicit
735 4880 821 4950 ante
850 4840 979 4950 omnia
1003 4872 1168 4951 Bicba'tii
1196 4877 1440 4973 sententiam,
1469 4850 1582 4980 quam
1610 4846 1724 4952 etiam
1751 4868 2034 4948 Tiedemeunns

218 4995 489 5101 Gmtelinusque
504 5000 721 5098 nuperrime
735 4995 1024 5101 adoptaverunt,
1053 5002 1285 5097 examinare,
1298 4998 1523 5102 numbepar
1536 4996 1630 5074 nibil
1643 5000 1783 5074 sitnisi
1796 5018 1973 5098 organon
1986 4982 2036 5069 ed

119 5164 122 5169 ’
220 5118 479 5224 deputandum
494 5127 718 5223 sauguinem
733 5129 771 5224 et
781 5119 874 5201 bilis
900 5122 994 5201 nihil
1007 5128 1082 5202 uisi
1097 5127 1392 5221 excrementum,
1407 5123 1511 5249 quod
1536 5126 1578 5199 in
1591 5119 1821 5226 digestionis
1833 5118 2035 5196 decursum

1558 5250 1608 5325 1⁴
