4808 6186
1105 442 1127 479 ‘
1159 424 1218 514 99

287 631 454 727 rentiffri
480 624 653 732 cbymam
679 623 763 701 lieri
780 578 974 714 credidit,
1014 611 1091 692 sibi
1117 613 1240 693 fiuxit
1294 614 1562 721 Verumtamen
1595 620 1731 691 contra
1755 611 1854 695 banc
1881 620 2105 718 opinionem

199 769 201 773 ’
290 755 553 861 Spellannanii
590 759 629 829 et
665 751 789 851 ipsine
822 747 862 823 et
887 744 1059 822 Stevenii
1090 716 1351 840 experimenta¹
1386 740 1581 843 pugnant,
1625 735 1766 845 quibus
1803 739 2006 820 edocemur
2044 743 2100 821 di·

288 885 505 986 gestionem
541 872 714 983 ciborum
750 896 830 947 non
862 868 963 964 lieri,
1003 869 1078 943 nisi
1117 871 1230 954 antea
1266 861 1375 942 cibus
1408 863 1657 941 manducatus
1684 865 1835 943 etcum
1868 866 1989 944 salira
2013 895 2102 971 per·

289 1009 424 1087 mistus
450 1003 577 1082 suerit
629 969 781 1077 Etenim
808 1019 858 1071 ex
882 992 956 1071 bac
983 1017 1038 1068 re
1053 988 1344 1068 evidentissimo
1358 990 1483 1091 petet,
1510 985 1682 1065 ciborum
1709 987 1940 1069 solutionem
1959 992 2102 1072 salivae

288 1135 552 1235 potiusquam
573 1126 677 1199 succi
701 1120 876 1221 gastriei.
889 1116 1033 1195 auxilio
1061 1095 1268 1210 exsistere,
1294 1106 1457 1217 namque
1482 1111 1594 1190 aliter
1620 1109 1697 1190 cibi
1723 1113 1843 1192 saliva
1867 1142 1948 1194 non
1965 1113 2102 1198 imbuti
2237 1161 2240 1167 -

288 1252 570 1341 nibilominus
558 1276 599 1326 m
623 1241 834 1324 ventriculo
866 1240 964 1318 solvi
997 1236 1192 1318 deberent.
1245 1234 1350 1314 Idem
1383 1235 1432 1314 da
1463 1240 1749 1341 experimentis
1767 1267 1892 1346 anper
1917 1240 2104 1346 digestio·

288 1405 376 1455 nem
402 1344 635 1454 artificialem
661 1369 847 1449 institutis
874 1373 985 1444 extra
1009 1360 1258 1442 ventriculum
1285 1360 1483 1441 dicendum
1511 1367 1589 1462 aet,
1629 1389 1728 1469 qnae
1753 1392 1834 1443 non
1860 1371 1985 1471 magia
2011 1377 2105 1470 post

289 1501 552 1579 admistionem
579 1498 685 1573 succi
711 1496 870 1596 gastrici
897 1491 1001 1569 facta
1026 1497 1086 1568 est
1111 1491 1187 1566 nisi
1219 1482 1295 1565 cibi
1321 1487 1437 1565 antea
1469 1487 1589 1566 salira
1607 1486 1752 1568 imbuti
1774 1489 1941 1569 suerint.
1992 1498 2107 1571 lusu·

289 1649 361 1726 per
386 1631 510 1700 tamen
536 1637 616 1697 non
643 1617 873 1695 credendum
901 1618 978 1713 est,
1004 1615 1105 1694 banc
1133 1613 1386 1716 digestionem
1411 1611 1646 1691 artificialem
1674 1613 1724 1691 ab
1753 1619 1855 1691 omni
1880 1624 1990 1717 parte
2017 1645 2102 1694 cnm

290 1744 486 1827 ventriculi
513 1742 731 1846 digestione
756 1767 874 1844 posse
902 1744 1137 1842 comparari3
1175 1763 1265 1819 nam
1297 1740 1466 1840 potius'
1454 1764 1495 1814 m
1521 1736 1848 1817 fermentationem
1875 1743 1990 1846 etque
2017 1769 2108 1825 eor·,

290 1873 504 1971 ruptionem
532 1893 645 1972 quam
672 1873 712 1943 in
739 1866 912 1968 cbymum
939 1865 1014 1941 boc
1039 1861 1153 1940 modo
1182 1859 1258 1938 cibi
1284 1859 1438 1938 abeunt.
1490 1861 1649 1939 Accedit
1675 1862 1725 1939 ad
1751 1861 1862 1961 baec,
1889 1865 2031 1968 quod
2018 1894 2104 1969 ipse

289 1991 635 2094 Spellanzanius
615 1990 777 2097 jamjam
810 1991 992 2092 cognovit
1023 1985 1168 2064 inter
1149 1984 1306 2091 jejunia
1332 1985 1477 2063 nullum
1504 1984 1732 2091 liquorem
1719 2013 1759 2063 m
1785 1989 1996 2067 ventriculo
2023 1995 2105 2068 ani·

250 2142 253 2146 ·
288 2117 442 2246 mulium
483 2120 700 2193 coacervari
737 2142 860 2218 neque
898 2140 923 2188 a
954 2106 1185 2189 membranis
1225 2109 1438 2189 resculosia
1477 2109 1604 2208 reddi,
1645 2098 1721 2188 nisi
1760 2119 1874 2190 antea
1915 2112 2104 2216 deglutita

290 2227 457 2344 epbngia
483 2245 670 2318 excitatae
697 2237 856 2334 fuerint,
884 2262 969 2314 cnm
997 2238 1179 2314 continua
1205 2260 1421 2339 magnaque
1454 2234 1594 2313 salivae
1626 2240 1789 2315 secretio
1819 2240 1875 2314 ita
1898 2239 2114 2320 manifesta>

248 2461 249 2464 Ἴ
290 2367 495 2469 appareat,
522 2369 602 2440 ut
589 2392 630 2441 ιιι
656 2359 867 2441 insentibus
895 2359 1061 2439 ssuminia
1087 2361 1211 2436 instar
1236 2384 1289 2437 ex
1315 2386 1383 2434 ore
1410 2357 1597 2437 redundet
1623 2386 1669 2436 ac
1694 2358 1875 2463 profluat.
2034 2388 2037 2399 ·

401 2491 676 2593 ιΡιιιιιριιιιιιι
703 2494 827 2564 autem
855 2486 1139 2589 argumentum,
1167 2511 1244 2589 quo
1273 2484 1404 2586 opinio
1431 2480 1515 2579 illa,
1549 2482 1803 2587 digestionem
1829 2513 1918 2565 esse
1944 2488 2106 2568 solutio·

137 2626 147 2636 '
289 2642 377 2694 nem
391 2613 610 2709 cbomicam,
636 2616 789 2715 penitus
816 2610 1022 2708 rebitatrn,
1048 2606 1123 2687 boc
1139 2616 1227 2706 est,
1256 2606 1359 2712 quod
1384 2607 1542 2712 cbymus
1567 2606 1766 2686 faciendus
1784 2637 1863 2687 non
1877 2613 2002 2692 solnm
2016 2619 2106 2692 sim·

288 2738 382 2842 plex
410 2740 472 2815 est
503 2737 644 2815 solutio
677 2732 850 2813 ciborum
880 2760 961 2812 non
986 2735 1236 2830 mutatorum,
1263 2731 1333 2810 aed
1350 2737 1481 2835 potius
1498 2734 1978 2837 immutatioprogrediens
1991 2743 2106 2844 atque

150 2958 166 2969 „
290 2859 505 2941 elaboratio
546 2857 759 2964 organica,
802 2885 878 2963 qna
915 2860 1083 2936 cbemica
1120 2860 1244 2934 omnis
1280 2855 1431 2935 indoles
1467 2860 1630 2936 vincitur
1666 2860 1780 2963 atque
1819 2864 2019 2960 evertitur,
2062 2870 2107 2941 nt
2166 2912 2169 2923 ·

290 2992 371 3065 tum
416 2985 563 3066 demum
603 2988 781 3071 ¹nutriens
824 2986 984 3061 materia
1024 2987 1065 3060 in
1108 2984 1333 3084 sanguinem
1370 2984 1467 3059 verti
1510 2985 1648 3084 pessit.
1717 2984 1815 3061 Nam
1859 2988 2103 3086 mutationes,
2197 3022 2200 3027 ’

292 3138 388 3218 quaa
416 3108 494 3188 cibi
519 3112 560 3186 in
587 3137 629 3188 sc
654 3114 751 3214 ipsis
777 3110 852 3187 boc
877 3107 992 3185 modo
1021 3105 1202 3204 subeunt,
1229 3132 1300 3209 per
1326 3104 1535 3207 simplicem
1556 3133 1687 3183 eornm
1706 3106 1935 3189 solutionem
1952 3116 2106 3218 inquo·
2194 3158 2198 3178 ·

258 3246 260 3250 ’
293 3238 379 3314 dam
406 3234 555 3340 liquore
588 3260 667 3310 non
699 3241 863 3337 possunt
892 3233 1057 3335 intelligi
1095 3258 1220 3341 neque
1245 3226 1422 3331 probari,
1463 3256 1534 3333 nec
1559 3258 1586 3309 a
1611 3230 1889 3335 Spellanzauio
1916 3234 2107 3338 probatae

197 3423 205 3435 ,
292 3365 394 3439 sunt.
447 3358 616 3439 Proinde
637 3384 721 3467 pon
748 3355 1060 3437 affirmaverimus
1087 3383 1158 3459 per
1185 3353 1450 3459 Spallanzanii
1475 3360 1737 3456 experimenta
1763 3358 1878 3437 ullam
1897 3359 2010 3439 aliam
2023 3388 2103 3469 rem
2136 3385 2138 3389 ’

290 3484 467 3590 probari,
509 3509 620 3588 quam
648 3482 820 3587 cbpmum
847 3509 926 3560 non
952 3509 1024 3586 per
1054 3484 1334 3560 triturationem
1360 3478 1456 3560 fieri.
1512 3479 1593 3559 Sed
1627 3485 1762 3561 contra
1789 3482 2103 3587 Spellanzanium

292 3616 387 3689 satia
414 3608 654 3687 dictumest.

293 3869 295 3873 ’
324 3813 327 3816 ἡ
352 3912 355 3917 ,
502 3854 532 3917 2.
566 3821 701 3919 Reiautio
717 3856 891 3915 recentiorum
912 3895 922 3927 ,
938 3855 984 3933 (pri
1001 3861 1108 3914 eenamt
1123 3848 1199 3914 abor
1214 3871 1264 3937 per
1277 3869 1387 3915 anacam
1401 3856 1543 3934 gaudem
1559 3853 1662 3916 acidam
1678 3854 1797 3917 uenia
1812 3852 1890 3916 solvi

278 4016 284 4022 ·
425 3984 740 4085 Nuperrimorum
758 3984 884 4062 autem
899 3986 1067 4060 virorum
1084 3987 1229 4086 opinio,
1255 4009 1353 4087 quae
1363 3983 1513 4063 acidum
1524 4012 1679 4064 succum
1693 3981 1963 4064 ‘cibossolrere
1974 3984 2106 4067 desem

294 4109 496 4204 ιιιιιιιιιιιι
507 4108 598 4186 mibi
609 4112 721 4195 etiam
732 4109 773 4185 et
782 4104 949 4208 probata
956 4110 995 4186 et
1004 4105 1219 4212 probabilis
1230 4107 1391 4206 videtur,
1404 4137 1516 4215 qaam
1528 4109 1803 4214 Spellanzanii.
1830 4111 1966 4216 Neque
1977 4091 2114 4191 esaiae

186 4212 208 4293 ¹-
292 4230 398 4330 utile,
410 4236 564 4333 praeter
574 4231 675 4309 hnnc
686 4236 798 4311 etiam
810 4235 1004 4331 Gorsium,
1017 4237 1290 4335 Montcgrium,
1304 4235 1579 4314 verumetiam
1589 4238 1684 4314 eatis
1697 4241 1942 4341 cognovisse,
1954 4238 1995 4313 in
1999 4235 2105 4344 jeju-
2210 4240 2212 4247 ’

292 4353 664 4434 nitatenullumacidi
674 4360 899 4460 vestigium
886 4385 927 4434 m
937 4357 1148 4436 ventriculo
1160 4361 1327 4455 exstare,
1339 4385 1500 4437 necnon
1511 4387 1597 4437 mea
1612 4358 2105 4463 expermmumemibm,

293 4485 422 4585 cquis,
458 4481 564 4566 rania
595 4479 699 4557 ιιιιι
734 4480 1014 4562 evidentissime
1047 4483 1297 4561 ostendunt
1279 4511 1345 4562 ιιι
1343 4482 1527 4586 perfecta
1561 4485 1761 4563 ventriculi
1796 4488 1987 4564 inanitate
2020 4486 2106 4564 nod

293 4602 429 4701 solum,
458 4605 965 4708 quoecontineatbnmoree,
990 4632 1083 4685 non
1097 4607 1228 4686 acidos
1251 4600 1316 4687 ιιι
1339 4606 1536 4687 neutrales
1559 4636 1666 4710 essa,
1692 4611 1769 4688 ime
1796 4635 1887 4690 vero
1905 4606 2104 4691 alealicarn
2132 4667 2133 4671 η

292 4725 504 4805 indolem
492 4757 533 4804 m
563 4733 613 4806 iis
646 4727 879 4838 denunciari.
912 4733 1065 4838 Neque
1095 4734 1320 4819 sententiam
1343 4733 1557 4815 illustrium
1587 4739 1754 4813 virorum
1786 4731 2034 4812 Tiedenr'anni
2065 4745 2105 4816 et

254 4898 263 4916 x
294 4850 458 4930 Gmelinl
483 4850 651 4953 probare
675 4880 853 4957 possum,
890 4860 1039 4938 inanem
1066 4857 1303 4936 stomachum
1328 4886 1544 4962 posse-per
1566 4857 1698 4969 silicea
1723 4864 1899 4961 ingestos
1926 4854 1977 4937 ad
2003 4859 2103 4938 acidi

292 4974 464 5056 humoris
497 4982 746 5060 secretionem
778 4983 955 5088 excitari,
997 4986 1166 5088 quinimo
1198 4982 1292 5080 ridi,
1331 4979 1398 5062 nbi
1429 4983 1579 5063 acidum
1605 4987 1652 5062 in-
1677 4980 1888 5091 ventricnlo
1919 4992 2036 5084 esset,
2061 4984 2103 5063 id

1568 5145 1570 5149 .
1599 5105 1681 5186 131
1915 5114 1919 5121 “
