4830 6188
1221 419 1351 513 '28

1187 611 1396 700 Experior.
1431 613 1462 678 1.-

904 738 975 797 Care
995 739 1101 816 equina·
1119 733 1213 807 creda,
1231 742 1305 806 assa,
1321 745 1460 817 percoctus,
1475 734 1531 799 tres
1548 735 1626 795 herae
1644 734 1767 813 digesti.
1806 766 1811 785 ι

363 957 366 964 Α
556 873 652 947 Gaui
679 866 818 944 modici
832 842 1073 961 incrementi,
1101 864 1227 943 solani
1240 862 1414 941 turberesi
1428 859 1628 942 tuberibus
1641 875 1754 941 antea
1771 872 1904 966 pasto,
1933 868 2059 941 earnis
2073 871 2236 971 equinae

423 985 580 1092 crudae,
611 994 736 1072 elixae
765 1001 803 1066 et
830 988 995 1069 assatae
1009 990 1149 1086 frusta,
1178 993 1314 1067 unciae
1340 988 1462 1089 §01
1493 989 1645 1091 pondua
1678 995 1900 1095 aequantia,
1941 989 1991 1067 ad
2024 995 2236 1069 satietatem

421 1129 511 1198 sunt
543 1114 690 1213 oblata,
724 1125 764 1194 'et
789 1110 945 1212 animal,
988 1114 1098 1220 qued
1126 1112 1276 1190 circiter
1303 1113 1439 1191 libram
1467 1118 1595 1191 carrils
1628 1113 1891 1210 devoraverat,
1936 1115 2082 1217 elapsis
2111 1116 2236 1195 tribus

365 1247 366 1250 ’
420 1244 528 1321 boris
560 1242 800 1329 Interiectum
839 1216 942 1320 ιιι.
970 1241 1150 1342 Digestis
1187 1243 1336 1314 interea
1371 1260 1519 1338 perum
1543 1239 1810 1341 processerat,
1849 1242 1986 1318 etenim
2018 1244 2238 1343 perexigua

287 1395 291 1398 ·
388 1368 545 1470 -cbymi
573 1369 687 1469 copia
712 1370 816 1443 circo
842 1356 1018 1469 pyle'rnm
1045 1372 1130 1440 erat
1155 1360 1327 1439 collecta.
1383 1364 1523 1438 carnis
1551 1363 1676 1440 elixae
1701 1360 1848 1462 frusta,
1885 1390 2047 1469 quorum
2072 1367 2237 1470 superti-
2371 1430 2376 1436 .

262 1593 265 1597 .
421 1496 504 1570 cies
532 1493 745 1595 undique
732 1516 772 1566 ιιι
805 1489 1025 1593 pulticulam
1058 1486 1221 1581 elrierat,
1262 1514 1341 1564 non
1382 1485 1507 1564 solida
1536 1496 1701 1587 tautum,
1743 1489 1813 1567 sed
1851 1491 2018 1566 dissecto
2054 1496 2165 1568 etiam
2199 1494 2238 1569 ‘ct

333 1611 336 1619 ’
420 1619 532 1720 aquis
564 1612 714 1712 abluta,
754 1619 905 1691 intense
938 1610 1051 1691 aeide
1082 1610 1225 1689 dabant
1256 1615 1382 1714 signe.
1437 1615 1579 1690 Frusta
1610 1621 1734 1690 antem
1768 1615 1905 1711 cruda,
1944 1619 2070 1691 ninus
2098 1617 2237 1714 soluta,

415 1740 590 1816 'colerem
628 1739 783 1816 lividum
828 1749 1073 1840 acceperant,
1126 1736 1350 1839 superficies
1392 1764 1545 1838 porum,
1591 1741 1777 1817 interiora
1819 1738 1915 1817 nibil
1951 1739 2082 1817 acidae
2121 1751 2237 1818 notae

420 1861 682 1971 praestabant.
736 1869 876 1942 Frusta
909 1863 1072 1965 deniqne
1103 1869 1234 1938 assata
1266 1862 1506 1962 superficiem
1537 1859 1735 1941 habebant
1763 1867 1829 1940 vix
1861 1842 2059 1961 meatem,
2101 1866 2236 1970 cbymo
2338 1882 2341 1890 '

420 1995 557 2068 ιιίιιιιι
594 1999 706 2067 erant
750 1987 936 2097 elrclupta,
989 1991 1055 2091 qui
1102 1986 1251 2062 acidum
1297 1980 1415 2062 dabat
1453 1988 1657 2086 indicium,
1690 2015 1782 2093 qno
1827 1987 1959 2066 abluto
2012 1993 2237 2091 superficies

339 2172 342 2178 n
420 2140 500 2192 non
527 2113 688 2215 amplius
716 2114 863 2190 acidam
892 2108 1079 2188 otl'erebat
1104 2119 1245 2186 notam.
1299 2113 1525 2188 Frustorum
1558 2121 1754 2190 coctorum
1782 2123 1822 2191 et
1847 2113 2052 2191 crudorum
2077 2119 2236 2192 mantio

405 2268 445 2341 ⁴a
477 2238 606 2317 cardia
636 2237 726 2316 inde
758 2264 894 2315 versus
927 2237 1102 2341 pylorum
1134 2234 1324 2338 gradatim
1355 2241 1537 2334 accrevit,
1580 2242 1685 2315 cirea
1721 2238 1889 2316 cardiam
1921 2240 1988 2315 rix
2018 2245 2236 2342 perspicua,

280 2358 283 2363 ’
420 2366 524 2442 circa
549 2363 726 2467 pylorum
753 2366 939 2462 mamma}
978 2361 1141 2437 frusta
1130 2389 1169 2436 ιιι
1196 2360 1322 2439 medio
1354 2362 1566 2439 ventriculo
1594 2372 1633 2441 et
1659 2367 1763 2440 circa
1794 2366 1962 2465 parietes
1988 2367 2065 2441 aaa
2091 2365 2237 2442 nnllam

420 2485 774 2566 commonstrabant
798 2487 1061 2564 differentiam
1115 2485 1361 2563 lentriculus
1388 2483 1649 2589 aequabiliter
1668 2492 1772 2568 circa
1797 2492 1952 2625 ingesta
1981 2489 2054 2567 suit
2083 2495 2237 2637 cerrtrn

422 2622 523 2711 ctus,
551 2621 693 2691 motum
720 2613 994 2720 peristalticum
1022 2608 1230 2690 observare
1258 2636 1337 2689 non
1364 2610 1482 2690 licuit.
1715 2676 1721 2682 .
1798 2660 1801 2667 ·

1129 2951 1130 2955 Ἰ
1190 2864 1395 2954 Experior.
1426 2866 1463 2934 2.
1615 2919 1618 2927 .

838 2984 910 3049 cuo
927 2989 1034 3069 eqnlm
1059 2985 1157 3059 mnia,
1180 2997 1269 3061 coda,
1285 2999 1350 3071 pen
1365 2999 1469 3072 septen
1483 2987 1608 3051 bornam
1624 2987 1808 3068 Quaem

310 3194 313 3202 ,
439 3140 443 3181 i
554 3120 674 3195 eante
701 3116 840 3223 major,
882 3117 1006 3194 selani
1039 3113 1214 3195 tuberosi
1245 3117 1447 3197 tuberibus
1474 3122 1588 3197 antea
1617 3123 1773 3223 pastus,
1815 3116 1887 3196 snb
1921 3118 2053 3197 herem
2085 3124 2236 3196 matuti-

421 3266 508 3317 nam
536 3246 706 3320 οιιιιιιιι
735 3247 861 3320 carnis
888 3249 1048 3347 equinae
1077 3242 1235 3341 crudae,
1262 3243 1387 3322 elixae
1415 3246 1454 3322 at
1479 3250 1703 3341 assatae,
1690 3273 1731 3322 m
1757 3243 1924 3330 frustula
1948 3244 2231 3345 naemei-1
2391 3344 2392 3348 Ἰ

422 3369 616 3463 concisae,
643 3371 825 3473 quaedum
843 3393 979 3447 rorare
992 3373 1169 3471 cuperet,
1194 3369 1515 3495 accepitejueqne
1529 3366 1650 3448 libras
1669 3369 1765 3446 duas
1779 3373 1820 3446 ct
1835 3368 2081 3447 dimidiamur
2102 3398 2145 3446 se
2172 3375 2230 3446 in·

253 3465 256 3474 ·
420 3494 644 3595 gurgitavit.
711 3494 819 3577 liora
859 3493 1119 3596 pomeridiana
1157 3498 1273 3572 tertia
1304 3492 1421 3597 (pest
1459 3494 1577 3571 boras
1618 3496 1790 3598 septem)
1822 3499 1928 3570 canis
1969 3500 2121 3572 occisus
2161 3500 2234 3572 est.

419 3617 531 3695 Licet
555 3642 650 3698 vero
677 3618 844 3721 digestio
872 3645 920 3696 ee
947 3646 1069 3723 usque
1095 3622 1371 3722 processisset,
1397 3623 1442 3695 ut
1468 3618 1565 3699 duae
1591 3621 1673 3697 fere
1700 3620 1823 3726 cbymi
1836 3624 1971 3698 unciae
1998 3623 2101 3696 circa
2126 3620 2236 3726 pylo·-

364 3727 369 3732 ’
420 3766 504 3819 rum
532 3747 664 3823 essent
690 3742 890 3841 collectae,
931 3748 1057 3822 tamen
1090 3751 1217 3822 carnis
1244 3743 1409 3822 frustula
1435 3768 1557 3848 prope
1585 3744 1750 3822 cordiam
1778 3746 1853 3846 sita
1879 3744 1972 3820 nibil
1999 3746 2143 3820 meaa
2167 3772 2238 3847 ap·

294 3848 321 3885 ⁴⁴
420 3865 595 3970 parebat.
655 3871 821 3945 Mutatio
860 3869 1049 3973 gradatim
1087 3869 1264 3975 pylornm
1299 3897 1435 3947 versus
1468 3872 1522 3945 ita
1561 3873 1742 3970 accrevit,
1783 3872 1828 3946 nt
1864 3868 1989 3945 frusta
2019 3866 2075 3945 ibi
2106 3873 2237 3980 posita

302 4047 304 4053 -
422 3990 470 4068 ad
498 3991 686 4070 dimidiam
713 3993 795 4072 iere
820 3997 987 4097 partem,
1025 3999 1067 4072 at
1097 3995 1243 4073 nullum
1275 4022 1407 4073 eorum
1432 3998 1574 4094 tetum,
1613 3999 1753 4072 essent·
1775 3994 1916 4071 seluta.
1970 3997 2069 4069 Prae
2096 3996 2234 4072 ceteris
2279 3983 2281 3989 ¹

371 4196 382 4206 ,
422 4115 572 4219 dilapsa
597 4122 707 4195 erant
732 4119 858 4197 frusta
885 4119 986 4197 elixa
1012 4120 1217 4224 eademque
1243 4125 1323 4197 tum
1351 4118 1399 4198 ab
1428 4118 1685 4198 exterioribus
1712 4123 1791 4197 tum
1820 4116 1868 4195 ab
1887 4113 2134 4195 interioribus
2146 4146 2236 4221 par·

423 4236 528 4317 tibus
556 4270 667 4348 quam
695 4251 857 4321 maxime
885 4245 995 4322 acida
1022 4242 1165 4322 dabant
1192 4245 1341 4322 indicia.
1396 4243 1456 4322 Ab
1485 4246 1544 4322 bis
1571 4250 1747 4349 proxime
1774 4243 1936 4320 aberant
1961 4241 2085 4321 frusta
2103 4242 2235 4341 cruda,

306 4397 316 4475 ζ
422 4370 565 4469 quippe
591 4386 751 4470 quorum
780 4373 819 4447 et
845 4371 1069 4472 superficies
1097 4375 1137 4447 et
1166 4373 1350 4447 interiora
1381 4374 1612 4447 reactionem
1646 4367 1790 4445 acidam
1823 4366 2032 4444 evidentem
2063 4374 2236 4470 praesta·
2268 4370 2278 4378 ”

421 4495 509 4570 rent
536 4492 778 4599 chartamque
806 4495 1019 4574 caeruleam
1046 4491 1327 4572 rubefecerent.
1380 4498 1522 4572 Frusta
1548 4498 1694 4588 aesna,
1722 4490 1782 4569 rel
1809 4499 1919 4598 aquis
1946 4489 2093 4590 abluta,
2126 4493 2237 4571 acide·

424 4617 574 4721 quidem
600 4618 831 4722 reagebunt,
872 4648 1003 4698 eorum
1031 4622 1157 4697 antem
1190 4624 1373 4697 interiora
1400 4620 1569 4697 cbartem
1603 4616 1902 4718 exploratoriam
1928 4622 1994 4693 rix
2023 4616 2236 4695 rubefacie·

421 4737 529 4820 liant
582 4747 716 4821 Motus
741 4745 1001 4848 peristalticus
1028 4749 1131 4822 eirca
1156 4746 1331 4849 pylorum
1357 4749 1553 4847 apparuit,
1593 4744 1728 4842 utpote
1756 4747 1822 4847 qui
1847 4768 1919 4844 per
1943 4741 2144 4819 intervalla
2170 4769 2235 4817 va·

421 4864 623 4946 lidlorlbns
650 4865 833 4946 librarum
860 4868 1098 4947 circularium
1126 4867 1453 4947 conductionibus
1471 4897 1496 4944 a
1512 4871 1622 4970 perte
1640 4867 1815 4945 cardiace
1833 4870 2115 4966 secerneretur3
2140 4892 2235 4971 pare

423 4991 598 5073 cardiace
622 4999 724 5072 circa
751 4993 859 5072 cibes
887 4980 1049 5072 tirmiter
1073 4996 1270 5071 eontracta
1296 4998 1497 5100 omnisque
1516 4998 1649 5074 motus
1675 5016 1815 5104 expers
1841 4992 1927 5070 fuit.
