4830 6188
223 615 494 698 cessitudinem
521 611 687 717 intelligi
716 638 764 690 ac
790 615 941 717 percipi
967 610 1051 691 vult
1077 613 1173 691 laec
1199 610 1419 713 methodus,
1456 613 1526 693 sed
1554 618 1677 719 ipsius
1704 616 1864 695 naturae
1891 617 2047 720 penitus
2171 626 2176 635 ’
2234 645 2237 655 ·

222 740 505 846 contemplatur
526 743 607 817 vias
629 740 894 843 generationis
913 741 953 815 et
973 738 1309 841 conformationis,
1334 739 1634 844 productamque
1651 740 1726 818 hoc
1741 740 1858 819 modo
1888 768 1939 820 ex
1967 722 2046 822 uno

165 894 170 905 ·
223 872 397 973 germine
418 864 478 944 rel
503 869 693 970 principio
717 860 996 943 multitudinem
1025 868 1218 942 rariorum
1252 863 1601 966 pluseuomeuorum
1638 865 1806 943 noudum
1837 865 2046 949 dissoluto·

223 1020 327 1092 rum,
344 992 414 1072 sed
435 994 538 1068 iuter
559 1018 603 1069 se
627 991 667 1066 et
693 1015 779 1066 cum
801 993 968 1065 omnium
998 992 1184 1066 unitatute
1207 987 1503 1064 cohaerentium.
1559 987 1758 1092 Siquidem
1786 991 1893 1069 nulla
1919 994 2046 1073 vitalis

223 1111 281 1198 ris
304 1117 528 1221 simpliciter
550 1117 654 1216 agit,
686 1112 756 1190 sed
778 1116 954 1216 assurgit
975 1118 1068 1216 ipsa·
1089 1139 1139 1190 ex
1158 1138 1434 1213 corporeorum
1456 1114 1730 1214 principiorum
1758 1119 1900 1194 mutuis
1928 1090 2047 1198 ratio·

118 1339 122 1348 1
203 1241 339 1341 Χιιίἰιιιει
362 1234 766 1345 coaptationibusquec
794 1236 880 1344 ejus
904 1240 1025 1340 igitur
1047 1235 1265 1315 substantia
1287 1262 1366 1313 nou
1395 1238 1529 1338 potest
1554 1237 1720 1340 intelligi
1751 1244 1826 1318 nisi
1858 1269 1944 1345 per*
1957 1271 2046 1323 coe-

186 1450 189 1455 *
223 1373 436 1471 piationem
459 1366 556 1444 lime
577 1359 816 1442 membratim
840 1361 1073 1459 solvendam,
1098 1367 1155 1441 sie
1181 1363 1227 1439 ut
1253 1363 1376 1439 totius
1399 1387 1609 1464 processus
1636 1367 1824 1467 perpetuu
1853 1365 2046 1447 elucescat

79 1534 84 1543 e
211 1489 481 1575 necessitudo.

360 1617 465 1694 llaec
485 1641 578 1693 vero
602 1617 687 1691 vira
707 1615 747 1691 et
769 1611 1037 1692 ssnlsstnntialis
1060 1612 1336 1714 principiorum
1359 1614 1554 1715 coaptatio
1569 1614 1693 1716 ipsius
1710 1619 1922 1717 organismi
1943 1620 2044 1698 ratio
2202 1654 2209 1665 “

224 1747 338 1844 atque
353 1739 449 1816 ‘linis
472 1743 550 1834 est,
574 1736 623 1814 ad
647 1730 758 1841 duem
780 1737 1072 1840 intelligendum
1107 1734 1215 1813 nulla
1234 1763 1278 1815 re
1308 1762 1408 1838 opus
1431 1738 1494 1813 est
1532 1741 1608 1817 nisi
1636 1740 1813 1815 accurate
1840 1747 2046 1844 perspecta
2164 1754 2201 1779 *⁸

223 1869 486 1967 generationis
498 1861 776 1942 etevolutiouis
794 1865 1085 1975 consecutione,
1105 1888 1202 1964 quae
1220 1865 1329 1967 quasi
1344 1861 1469 1938 ideam
1486 1861 1676 1964 quandam
1687 1869 1864 1964 corporis
1880 1863 2045 1946 iunctio·

222 1990 387 2094 iramque
421 2017 492 2091 per
523 1991 662 2106 partes
695 2014 789 2066 snas
822 1985 1116 2089 explicationem
1149 1990 1195 2062 ut
1236 2012 1369 2061 eorum
1402 1983 1578 2089 analysin
1616 1982 1731 2062 nobis
1766 1990 2077 2091 repraesentat..

67 2122 73 2140 ‘
182 2106 186 2111 ²
223 2117 320 2192 Nam
346 2117 485 2191 natura
505 2113 598 2190 nihil
622 2097 683 2189 est
698 2117 774 2188 nisi
796 2116 904 2188 notio
929 2114 968 2185 in
987 2134 1152 2210 corpore
1176 2136 1380 2210 expressa,
1399 2112 1439 2185 et
1459 2109 1558 2186 idem
1583 2110 1686 2213 quod
1709 2114 1848 2190 natura
1875 2119 1959 2217 agit
1979 2145 2044 2197 co-

221 2244 348 2342 gitare
375 2265 467 2318 rara
489 2242 551 2316 cst
573 2234 832 2343 physiologia.
885 2238 1014 2336 igitur
1040 2238 1252 2336 organismi
1279 2231 1496 2319 substantia
1518 2225 1786 2338 physiologiae
1808 2241 1964 2339 penitus
1986 2246 2044 2321 in.

136 2440 141 2449 ,
221 2363 445 2469 generanda
467 2366 530 2441 est
552 2367 667 2467 atque
689 2363 744 2437 ita
767 2360 863 2438 lsaac
885 2388 935 2438 ex
962 2364 1050 2462 ipso
1081 2364 1303 2462 organismo
1335 2358 1588 2459 corporando.
1643 2362 1729 2439 lloc
1751 2361 1866 2439 modo
1888 2365 2042 2446 tandem
2100 2378 2107 2395 ·

85 2494 90 2501 ’
222 2491 284 2588 tit,
305 2494 350 2568 ut
371 2491 553 2568 scientiae
576 2491 615 2566 et
637 2490 850 2589 organismi
866 2484 956 2562 linis
972 2483 1264 2588 uuusidemque
1280 2486 1349 2580 sit,
1372 2481 1532 2588 ejusque
1548 2482 1705 2562 ultimus
1719 2486 1868 2589 gradus
1877 2487 2041 2593 junctim
2203 2489 2208 2513 '

180 2596 191 2605 ⁶
223 2615 377 2717 singula
398 2640 571 2720 quaeque
595 2610 726 2690 eadem
748 2613 896 2688 unitate
918 2615 959 2688 in
984 2637 1026 2687 se
1056 2610 1269 2706 contineat,
1298 2636 1411 2715 quam
1441 2608 1606 2713 simplex
1634 2615 1846 2713 organismi
1873 2619 2043 2696 conbu-
2072 2647 2078 2664 ·

84 2816 112 2855 ι,
222 2738 343 2841 P¹⁸¹³⁰
361 2738 443 2844 lm
466 2734 517 2814 ὦ
535 2741 643 2813 initio
664 2740 777 2816 etiam
799 2730 995 2813 ueteribus
1023 2727 1279 2838 praebuisset.
1404 2777 1408 2782 1

231 2928 238 2943 .
360 2860 434 2940 Ilia
459 2865 586 2939 autem
613 2866 774 2939 uatmae
800 2865 881 2937 vias
909 2857 1134 2962 simpliciter
1159 2857 1334 2953 intuendi
1359 2860 1461 2937 ratio
1489 2859 1630 2966 duplici
1656 2859 1773 2938 modo
1800 2867 1949 2944 institui
1976 2856 2048 2948 dc?

221 2988 301 3068 het.
353 2990 407 3067 ut
432 2992 596 3092 primum
609 2985 761 3092 quidem
778 2989 824 3062 ut
848 2985 1078 3082 sormam,
1106 2981 1244 3062 deinde
1269 2987 1314 3061 ut
1339 2987 1532 3062 actionum
1558 2990 1761 3089 generatio
1786 2988 2039 3092 intelligatur.
2172 3021 2178 3027 ·

223 3118 472 3219 organorum
499 3139 609 3210 vero,
636 3111 831 3216 quomodo
857 3109 953 3188 fiant
979 3114 1018 3187 et
1034 3113 1266 3212 gignantur,
1292 3113 1628 3214 investigationem
1643 3109 1840 3211 dieclselii,
1874 3119 2041 3219 Canusii,

222 3245 364 3336 Baerii,
391 3238 554 3316 aliorum
568 3241 767 3316 auctorum
794 3229 1031 3313 eruditorum
1058 3240 1195 3312 uostm
1220 3236 1363 3332 aetate,
1390 3262 1463 3312 uec
1489 3237 1614 3312 minus
1642 3235 1880 3340 collegarum
1909 3241 2041 3323 elaris·

57 3353 72 3360 “
222 3373 405 3446 simorum
437 3369 477 3441 in
511 3366 646 3440 nostra
676 3364 925 3440 universitate
964 3357 1184 3438 {lorentium
1222 3386 1343 3463 opera
1378 3358 1462 3465 jam
1499 3359 1658 3463 lougius
1688 3368 1881 3466 provexit.
1941 3371 2040 3449 Nam

223 3519 356 3570 omnes
388 3490 469 3567 sere
501 3487 647 3590 gradus
681 3486 998 3564 conformationis
1030 3513 1101 3588 per
1139 3483 1285 3563 classes
1324 3487 1365 3562 ct
1401 3490 1552 3589 species
1589 3486 1806 3565 animalium
1844 3486 2039 3573 observati
2117 3567 2121 3573 .

203 3615 417 3692 illustrant
440 3614 651 3718 perfectam
677 3609 842 3688 hominiis
868 3607 1053 3688 lubricam
1079 3613 1272 3688 anatomia
1298 3608 1587 3714 explorandam.
1639 3612 1932 3719 Etpatlrologia
1945 3646 2039 3723 quo·

222 3766 297 3845 que
324 3739 466 3815 multos
492 3737 582 3817 iude
608 3725 712 3840 cepit
737 3762 993 3839 progressus,
1035 3733 1140 3840 quod
1166 3734 1216 3812 ad
1247 3734 1394 3815 formas
1425 3739 1668 3815 monstrosas
1699 3743 1938 3819 incremento
1968 3748 2038 3825 im·

205 3862 372 3968 „pedites
399 3866 548 3971 attinet.
602 3865 709 3940 liaeo
740 3860 1033 3964 morphonomia
1064 3863 1185 3964 igitur
1217 3864 1280 3938 est
1311 3887 1402 3940 vera
1429 3864 1621 3941 anatomia
1648 3867 1813 3941 animata
1845 3867 1924 3946 tam
1951 3876 2050 3971 seui*

222 4014 334 4094 quam
360 3990 512 4090 aegroti
539 3992 728 4087 corporis.
852 4072 858 4083 1
1997 3970 2002 3979 ¹

356 4115 542 4217 Sequitur
566 4112 804 4191 functionum
831 4138 1053 4217 processus,
1086 4141 1137 4192 ex
1165 4141 1241 4219 quo
1267 4117 1368 4193 ratio
1400 4119 1535 4193 uirium
1562 4113 1612 4193 ad
1637 4115 1793 4218 singula
1823 4144 1973 4222 organa
1998 4128 2038 4215 et

220 4240 435 4342 generatim
461 4242 640 4315 materiae
668 4241 783 4340 atque
808 4238 951 4317 indolis
979 4245 1186 4344 organicae
1213 4239 1407 4320 elucescit.
1461 4243 1508 4318 ln
1533 4239 1595 4319 his
1620 4243 1747 4318 autem
1774 4250 1929 4321 maximi
1955 4275 2036 4325 mo-

222 4367 339 4443 menti
366 4352 600 4461 estuidere,
641 4389 754 4467 quam
786 4360 955 4441 habeant
985 4370 1087 4442 vires
1114 4394 1136 4444 e
1164 4393 1329 4468 corpore
1356 4368 1558 4467 originem.
1613 4368 1857 4445 Recentioris
1885 4372 2034 4472 quidem

220 4487 490 4593 physiologiae
518 4487 710 4565 cardinem
736 4493 776 4566 in
805 4516 852 4565 eo
880 4494 1025 4568 uersari
1051 4518 1172 4595 supra
1203 4490 1344 4569 dictum
1378 4494 1455 4587 est,
1496 4495 1541 4567 ut
1571 4496 1763 4570 actionum
1796 4500 1923 4571 causis
1955 4523 2036 4578 uon

170 4654 172 4657 ·
222 4614 501 4693 elementorum
524 4609 727 4714 qualitates
755 4609 935 4713 subesse,
960 4621 1038 4692 imo
1067 4644 1133 4695 eas
1161 4643 1212 4693 ex
1238 4604 1547 4719 autenm-geticae
1560 4619 1724 4695 actionis
1741 4646 1929 4720 processu
1943 4649 2034 4725 pros

216 4738 341 4821 diciaci
371 4735 622 4839 intelligatur.
678 4737 784 4823 Sunt
816 4745 915 4821 enim
930 4745 1121 4823 ¹actiones
1154 4741 1291 4825 vitales
1323 4738 1373 4819 als
1408 4745 1559 4844 origine
1592 4747 1746 4821 nonnisi
1779 4772 1828 4821 ex
1860 4771 1905 4821 se
1937 4751 2034 4848 ipsis
2182 4768 2185 4781 ’

222 4860 450 4964 pendentes,
479 4889 550 4939 sua
575 4864 715 4964 spouta
742 4868 782 4941 et
800 4863 882 4970 jam
910 4870 1000 4946 ante
1020 4870 1269 4947 externorum
1281 4870 1565 4947 incitamentum
1578 4870 1860 4971 provenientes.
1915 4871 2035 4963 Quoi

222 4987 371 5092 quidem
398 4990 439 5061 in
472 4987 659 5063 medicina
691 4988 847 5066 multum
881 4993 1016 5088 refert,
1060 5020 1157 5073 eum
1178 4991 1399 5072 mortuorum
1432 4999 1605 5096 origines
1639 4998 1678 5070 et
1709 4991 1963 5072 remediorum
1992 5000 2033 5073 in
