<?xml version="1.0" encoding="UTF-8"?>
<!DOCTYPE html PUBLIC "-//W3C//DTD XHTML 1.0 Transitional//EN"
    "http://www.w3.org/TR/xhtml1/DTD/xhtml1-transitional.dtd">
<html xmlns="http://www.w3.org/1999/xhtml" xml:lang="en" lang="en">
 <head>
  <title>
</title>
<meta http-equiv="Content-Type" content="text/html;charset=utf-8" />
  <meta name='ocr-system' content='tesseract 3.04.00' />
  <meta name='ocr-capabilities' content='ocr_page ocr_carea ocr_par ocr_line ocrx_word'/>
</head>
<body>
  <div class='ocr_page' id='page_1' title='image "./dealimentorumco00schgoog_0077.png"; bbox 0 0 4830 6188; ppageno 0'>
   <div class='ocr_carea' id='block_1_1' title="bbox 295 467 2109 891">
    <p class='ocr_par' dir='ltr' id='par_1_1' title="bbox 295 467 2109 891">
     <span class='ocr_line' id='line_1_1' title="bbox 1163 467 1225 559; baseline 0 0"><span class='ocrx_word' id='word_1_1' title='bbox 1163 467 1225 559; x_wconf 82' lang='grc'>66</span> 
     </span>
     <span class='ocr_line' id='line_1_2' title="bbox 295 658 2109 765; baseline -0.001 -25"><span class='ocrx_word' id='word_1_2' title='bbox 295 663 375 740; x_wconf 88' lang='lat' dir='ltr'>ullo</span> <span class='ocrx_word' id='word_1_3' title='bbox 404 660 574 740; x_wconf 89' lang='lat' dir='ltr'>ciborum</span> <span class='ocrx_word' id='word_1_4' title='bbox 601 666 764 764; x_wconf 77' lang='lat' dir='ltr'>vestigio</span> <span class='ocrx_word' id='word_1_5' title='bbox 791 663 1059 737; x_wconf 83' lang='lat' dir='ltr'>intermixtam.</span> <span class='ocrx_word' id='word_1_6' title='bbox 1111 664 1288 737; x_wconf 75' lang='lat' dir='ltr'><strong>Attamen</strong></span> <span class='ocrx_word' id='word_1_7' title='bbox 1314 662 1441 747; x_wconf 82' lang='lat' dir='ltr'>inveni</span> <span class='ocrx_word' id='word_1_8' title='bbox 1472 658 1639 737; x_wconf 78' lang='lat' dir='ltr'>frustula</span> <span class='ocrx_word' id='word_1_9' title='bbox 1670 658 1838 761; x_wconf 88' lang='lat' dir='ltr'>epithelii</span> <span class='ocrx_word' id='word_1_10' title='bbox 1872 660 2109 765; x_wconf 82' lang='lat' dir='ltr'>desquamati</span> 
     </span>
     <span class='ocr_line' id='line_1_3' title="bbox 295 780 2109 891; baseline -0.003 -22"><span class='ocrx_word' id='word_1_11' title='bbox 295 794 335 869; x_wconf 94' lang='lat' dir='ltr'>in</span> <span class='ocrx_word' id='word_1_12' title='bbox 363 816 410 867; x_wconf 88' lang='lat' dir='ltr'>es</span> <span class='ocrx_word' id='word_1_13' title='bbox 436 788 601 883; x_wconf 84' lang='lat' dir='ltr'>inclusa,</span> <span class='ocrx_word' id='word_1_14' title='bbox 629 811 727 891; x_wconf 84' lang='lat' dir='ltr'>quea</span> <span class='ocrx_word' id='word_1_15' title='bbox 754 788 846 886; x_wconf 85' lang='lat' dir='ltr'>post</span> <span class='ocrx_word' id='word_1_16' title='bbox 872 785 1099 865; x_wconf 83' lang='lat' dir='ltr'>solutionem</span> <span class='ocrx_word' id='word_1_17' title='bbox 1125 790 1166 861; x_wconf 95' lang='lat' dir='ltr'>in</span> <span class='ocrx_word' id='word_1_18' title='bbox 1180 789 1321 888; x_wconf 83' lang='lat' dir='ltr'>spiritu</span> <span class='ocrx_word' id='word_1_19' title='bbox 1332 788 1409 862; x_wconf 79' lang='lat' dir='ltr'>vird</span> <span class='ocrx_word' id='word_1_20' title='bbox 1423 780 1748 888; x_wconf 66' lang='lat' dir='ltr'>relinquebantur.</span> <span class='ocrx_word' id='word_1_21' title='bbox 1803 787 1991 888; x_wconf 79' lang='lat' dir='ltr'>Disposui</span> <span class='ocrx_word' id='word_1_22' title='bbox 2017 789 2109 863; x_wconf 92' lang='lat' dir='ltr'>tunc</span> 
     </span>
    </p>
   </div>
   <div class='ocr_carea' id='block_1_2' title="bbox 118 906 2236 1024">
    <p class='ocr_par' dir='ltr' id='par_1_2' title="bbox 118 906 2236 1024">
     <span class='ocr_line' id='line_1_4' title="bbox 118 906 2236 1024; baseline -0.001 -33"><span class='ocrx_word' id='word_1_23' title='bbox 118 963 128 972; x_wconf 90' lang='lat'><strong>·</strong></span> <span class='ocrx_word' id='word_1_24' title='bbox 295 920 335 993; x_wconf 90' lang='lat' dir='ltr'>in</span> <span class='ocrx_word' id='word_1_25' title='bbox 363 910 540 990; x_wconf 87' lang='lat' dir='ltr'>omnibus</span> <span class='ocrx_word' id='word_1_26' title='bbox 567 915 684 989; x_wconf 85' lang='lat' dir='ltr'>totius</span> <span class='ocrx_word' id='word_1_27' title='bbox 711 915 878 988; x_wconf 87' lang='lat' dir='ltr'>intestini</span> <span class='ocrx_word' id='word_1_28' title='bbox 905 907 1078 1011; x_wconf 84' lang='lat' dir='ltr'>pertibus</span> <span class='ocrx_word' id='word_1_29' title='bbox 1106 914 1306 1016; x_wconf 86' lang='lat' dir='ltr'>utramque</span> <span class='ocrx_word' id='word_1_30' title='bbox 1334 909 1503 987; x_wconf 82' lang='lat' dir='ltr'>chartam</span> <span class='ocrx_word' id='word_1_31' title='bbox 1530 906 1849 1010; x_wconf 80' lang='lat' dir='ltr'>exploratoriam,</span> <span class='ocrx_word' id='word_1_32' title='bbox 1887 906 2043 988; x_wconf 87' lang='lat' dir='ltr'>rubram</span> <span class='ocrx_word' id='word_1_33' title='bbox 2064 908 2149 987; x_wconf 77' lang='lat' dir='ltr'>et¹</span> <span class='ocrx_word' id='word_1_34' title='bbox 2235 1020 2236 1024; x_wconf 7' lang='grc' dir='ltr'><strong>Ἴ</strong></span> 
     </span>
    </p>
   </div>
   <div class='ocr_carea' id='block_1_3' title="bbox 171 1030 2221 2016">
    <p class='ocr_par' dir='ltr' id='par_1_3' title="bbox 171 1030 2221 2016">
     <span class='ocr_line' id='line_1_5' title="bbox 295 1030 2109 1141; baseline -0.003 -26"><span class='ocrx_word' id='word_1_35' title='bbox 295 1038 526 1133; x_wconf 75' lang='lat' dir='ltr'>caeruleam,</span> <span class='ocrx_word' id='word_1_36' title='bbox 553 1037 706 1141; x_wconf 85' lang='lat' dir='ltr'>vidique</span> <span class='ocrx_word' id='word_1_37' title='bbox 732 1030 885 1112; x_wconf 84' lang='lat' dir='ltr'>rubram</span> <span class='ocrx_word' id='word_1_38' title='bbox 912 1031 1053 1137; x_wconf 87' lang='lat' dir='ltr'>ubique</span> <span class='ocrx_word' id='word_1_39' title='bbox 1079 1031 1128 1111; x_wconf 87' lang='lat' dir='ltr'>ab</span> <span class='ocrx_word' id='word_1_40' title='bbox 1157 1062 1225 1114; x_wconf 93' lang='lat' dir='ltr'>ore</span> <span class='ocrx_word' id='word_1_41' title='bbox 1251 1061 1375 1138; x_wconf 84' lang='lat' dir='ltr'>usque</span> <span class='ocrx_word' id='word_1_42' title='bbox 1403 1034 1453 1111; x_wconf 86' lang='lat' dir='ltr'>ad</span> <span class='ocrx_word' id='word_1_43' title='bbox 1471 1037 1698 1112; x_wconf 82' lang='lat' dir='ltr'>intestinum</span> <span class='ocrx_word' id='word_1_44' title='bbox 1730 1038 1876 1115; x_wconf 83' lang='lat' dir='ltr'>rectum</span> <span class='ocrx_word' id='word_1_45' title='bbox 1906 1033 2109 1112; x_wconf 72' lang='lat' dir='ltr'>admodum</span> 
     </span>
     <span class='ocr_line' id='line_1_6' title="bbox 295 1149 2110 1264; baseline -0.003 -23"><span class='ocrx_word' id='word_1_46' title='bbox 295 1162 379 1241; x_wconf 85' lang='lat' dir='ltr'>lieri</span> <span class='ocrx_word' id='word_1_47' title='bbox 406 1149 635 1259; x_wconf 85' lang='lat' dir='ltr'>caeruleum,</span> <span class='ocrx_word' id='word_1_48' title='bbox 678 1172 716 1239; x_wconf 83' lang='lat' dir='ltr'>ot</span> <span class='ocrx_word' id='word_1_49' title='bbox 741 1164 884 1264; x_wconf 88' lang='lat' dir='ltr'>pariter</span> <span class='ocrx_word' id='word_1_50' title='bbox 917 1157 1067 1262; x_wconf 89' lang='lat' dir='ltr'>quidem</span> <span class='ocrx_word' id='word_1_51' title='bbox 1095 1163 1135 1237; x_wconf 91' lang='lat' dir='ltr'>in</span> <span class='ocrx_word' id='word_1_52' title='bbox 1162 1164 1345 1237; x_wconf 73' lang='lat' dir='ltr'>Intestino</span> <span class='ocrx_word' id='word_1_53' title='bbox 1377 1163 1483 1236; x_wconf 85' lang='lat' dir='ltr'>inani</span> <span class='ocrx_word' id='word_1_54' title='bbox 1508 1166 1626 1264; x_wconf 75' lang='lat' dir='ltr'>etque</span> <span class='ocrx_word' id='word_1_55' title='bbox 1657 1164 1698 1237; x_wconf 87' lang='lat' dir='ltr'>in</span> <span class='ocrx_word' id='word_1_56' title='bbox 1724 1170 1853 1237; x_wconf 69' lang='lat' dir='ltr'>messa</span> <span class='ocrx_word' id='word_1_57' title='bbox 1884 1157 2030 1237; x_wconf 78' lang='lat' dir='ltr'>biliosa·</span> <span class='ocrx_word' id='word_1_58' title='bbox 2051 1164 2110 1236; x_wconf 80' lang='lat' dir='ltr'>in·-</span> 
     </span>
     <span class='ocr_line' id='line_1_7' title="bbox 296 1280 2191 1388; baseline -0.004 -25"><span class='ocrx_word' id='word_1_59' title='bbox 296 1291 426 1365; x_wconf 75' lang='lat' dir='ltr'>teslini</span> <span class='ocrx_word' id='word_1_60' title='bbox 454 1291 562 1364; x_wconf 83' lang='lat' dir='ltr'>recti.</span> <span class='ocrx_word' id='word_1_61' title='bbox 617 1286 761 1362; x_wconf 80' lang='lat' dir='ltr'>Charta</span> <span class='ocrx_word' id='word_1_62' title='bbox 787 1282 963 1361; x_wconf 78' lang='lat' dir='ltr'>caerulea</span> <span class='ocrx_word' id='word_1_63' title='bbox 987 1280 1130 1388; x_wconf 85' lang='lat' dir='ltr'>ubique</span> <span class='ocrx_word' id='word_1_64' title='bbox 1157 1289 1351 1361; x_wconf 88' lang='lat' dir='ltr'>immutata</span> <span class='ocrx_word' id='word_1_65' title='bbox 1378 1287 1528 1360; x_wconf 74' lang='lat' dir='ltr'>mansit.</span> <span class='ocrx_word' id='word_1_66' title='bbox 2185 1370 2191 1378; x_wconf 26' lang='grc' dir='ltr'><strong><em>Ι</em></strong></span> 
     </span>
     <span class='ocr_line' id='line_1_8' title="bbox 171 1393 2110 1515; baseline -0.002 -25"><span class='ocrx_word' id='word_1_67' title='bbox 171 1393 181 1400; x_wconf 45' lang='grc'><strong><em>’</em></strong></span> <span class='ocrx_word' id='word_1_68' title='bbox 427 1416 570 1489; x_wconf 83' lang='lat' dir='ltr'>&#39;Vesica</span> <span class='ocrx_word' id='word_1_69' title='bbox 595 1411 710 1512; x_wconf 79' lang='lat' dir='ltr'>fellea</span> <span class='ocrx_word' id='word_1_70' title='bbox 740 1406 961 1487; x_wconf 74' lang='lat' dir='ltr'>includebat</span> <span class='ocrx_word' id='word_1_71' title='bbox 992 1414 1144 1487; x_wconf 76' lang='lat' dir='ltr'>circiter</span> <span class='ocrx_word' id='word_1_72' title='bbox 1174 1417 1321 1512; x_wconf 77' lang='lat' dir='ltr'>guttum</span> <span class='ocrx_word' id='word_1_73' title='bbox 1355 1429 1466 1490; x_wconf 67' lang='lat' dir='ltr'>unum</span> <span class='ocrx_word' id='word_1_74' title='bbox 1500 1405 1588 1485; x_wconf 84' lang='lat' dir='ltr'>bilis</span> <span class='ocrx_word' id='word_1_75' title='bbox 1620 1417 1796 1489; x_wconf 72' lang='lat' dir='ltr'>sustam</span> <span class='ocrx_word' id='word_1_76' title='bbox 1827 1409 1978 1508; x_wconf 77' lang='lat' dir='ltr'>viridis,</span> <span class='ocrx_word' id='word_1_77' title='bbox 2010 1434 2110 1515; x_wconf 82' lang='lat' dir='ltr'>quoe</span> 
     </span>
     <span class='ocr_line' id='line_1_9' title="bbox 296 1533 1648 1639; baseline -0.004 -25"><span class='ocrx_word' id='word_1_78' title='bbox 296 1537 465 1626; x_wconf 79' lang='lat' dir='ltr'>chartam</span> <span class='ocrx_word' id='word_1_79' title='bbox 492 1533 648 1613; x_wconf 79' lang='lat' dir='ltr'>mbram</span> <span class='ocrx_word' id='word_1_80' title='bbox 674 1561 754 1612; x_wconf 94' lang='lat' dir='ltr'>non</span> <span class='ocrx_word' id='word_1_81' title='bbox 781 1539 920 1612; x_wconf 85' lang='lat' dir='ltr'>minus·</span> <span class='ocrx_word' id='word_1_82' title='bbox 933 1534 1147 1611; x_wconf 81' lang='lat' dir='ltr'>coeruloam</span> <span class='ocrx_word' id='word_1_83' title='bbox 1175 1533 1289 1613; x_wconf 75' lang='lat' dir='ltr'>dabat</span> <span class='ocrx_word' id='word_1_84' title='bbox 1316 1561 1428 1639; x_wconf 87' lang='lat' dir='ltr'>quam</span> <span class='ocrx_word' id='word_1_85' title='bbox 1455 1536 1648 1611; x_wconf 80' lang='lat' dir='ltr'>intestina.</span> 
     </span>
     <span class='ocr_line' id='line_1_10' title="bbox 247 1655 2109 1763; baseline -0.001 -25"><span class='ocrx_word' id='word_1_86' title='bbox 247 1748 253 1756; x_wconf 47' lang='lat'>,</span> <span class='ocrx_word' id='word_1_87' title='bbox 378 1712 383 1720; x_wconf 89' lang='lat'><em>-</em></span> <span class='ocrx_word' id='word_1_88' title='bbox 428 1665 475 1738; x_wconf 90' lang='lat' dir='ltr'>ln</span> <span class='ocrx_word' id='word_1_89' title='bbox 490 1660 575 1738; x_wconf 81' lang='lat' dir='ltr'>boc</span> <span class='ocrx_word' id='word_1_90' title='bbox 600 1687 692 1736; x_wconf 84' lang='lat' dir='ltr'>vero</span> <span class='ocrx_word' id='word_1_91' title='bbox 721 1664 982 1763; x_wconf 88' lang='lat' dir='ltr'>experimento</span> <span class='ocrx_word' id='word_1_92' title='bbox 1011 1686 1146 1735; x_wconf 87' lang='lat' dir='ltr'>rursus</span> <span class='ocrx_word' id='word_1_93' title='bbox 1172 1660 1264 1737; x_wconf 86' lang='lat' dir='ltr'>mihi</span> <span class='ocrx_word' id='word_1_94' title='bbox 1290 1657 1424 1736; x_wconf 75' lang='lat' dir='ltr'>oblata</span> <span class='ocrx_word' id='word_1_95' title='bbox 1450 1665 1511 1735; x_wconf 88' lang='lat' dir='ltr'>est</span> <span class='ocrx_word' id='word_1_96' title='bbox 1537 1655 1768 1735; x_wconf 75' lang='lat' dir='ltr'>observandi</span> <span class='ocrx_word' id='word_1_97' title='bbox 1795 1663 1967 1757; x_wconf 83' lang='lat' dir='ltr'>occasio,</span> <span class='ocrx_word' id='word_1_98' title='bbox 2001 1660 2109 1738; x_wconf 74' lang='lat' dir='ltr'>cluer-</span> 
     </span>
     <span class='ocr_line' id='line_1_11' title="bbox 295 1779 2110 1888; baseline -0.002 -23"><span class='ocrx_word' id='word_1_99' title='bbox 295 1787 684 1888; x_wconf 85' lang='lat' dir='ltr'>tamexploratoriam</span> <span class='ocrx_word' id='word_1_100' title='bbox 697 1790 820 1861; x_wconf 72' lang='lat' dir='ltr'>miurus</span> <span class='ocrx_word' id='word_1_101' title='bbox 833 1783 1178 1861; x_wconf 75' lang='lat' dir='ltr'>evidenteriudicia</span> <span class='ocrx_word' id='word_1_102' title='bbox 1193 1785 1336 1862; x_wconf 86' lang='lat' dir='ltr'>indolis</span> <span class='ocrx_word' id='word_1_103' title='bbox 1362 1783 1553 1861; x_wconf 89' lang='lat' dir='ltr'>chemicae</span> <span class='ocrx_word' id='word_1_104' title='bbox 1580 1779 1786 1886; x_wconf 85' lang='lat' dir='ltr'>praebere,</span> <span class='ocrx_word' id='word_1_105' title='bbox 1813 1783 1881 1862; x_wconf 92' lang='lat' dir='ltr'>nbi</span> <span class='ocrx_word' id='word_1_106' title='bbox 1896 1786 2110 1864; x_wconf 85' lang='lat' dir='ltr'>nimissuu·</span> 
     </span>
     <span class='ocr_line' id='line_1_12' title="bbox 294 1907 2221 2016; baseline -0.001 -27"><span class='ocrx_word' id='word_1_107' title='bbox 294 1939 397 2016; x_wconf 79' lang='lat' dir='ltr'>gese</span> <span class='ocrx_word' id='word_1_108' title='bbox 416 1916 530 2015; x_wconf 83' lang='lat' dir='ltr'>atque</span> <span class='ocrx_word' id='word_1_109' title='bbox 556 1937 645 1987; x_wconf 86' lang='lat' dir='ltr'>rara</span> <span class='ocrx_word' id='word_1_110' title='bbox 671 1913 793 2006; x_wconf 89' lang='lat' dir='ltr'>esset,</span> <span class='ocrx_word' id='word_1_111' title='bbox 821 1913 877 1985; x_wconf 89' lang='lat' dir='ltr'>sic</span> <span class='ocrx_word' id='word_1_112' title='bbox 903 1917 946 1983; x_wconf 87' lang='lat' dir='ltr'>ut</span> <span class='ocrx_word' id='word_1_113' title='bbox 971 1911 1154 1986; x_wconf 83' lang='lat' dir='ltr'>citissime</span> <span class='ocrx_word' id='word_1_114' title='bbox 1180 1908 1334 1986; x_wconf 83' lang='lat' dir='ltr'>humido</span> <span class='ocrx_word' id='word_1_115' title='bbox 1361 1907 1671 2010; x_wconf 76' lang='lat' dir='ltr'>perfunderetur,</span> <span class='ocrx_word' id='word_1_116' title='bbox 1699 1908 1979 1988; x_wconf 81' lang='lat' dir='ltr'>evidentissime</span> <span class='ocrx_word' id='word_1_117' title='bbox 2002 1933 2111 2010; x_wconf 80' lang='lat' dir='ltr'>vero,</span> <span class='ocrx_word' id='word_1_118' title='bbox 2214 1970 2221 1977; x_wconf 86' lang='lat'><strong><em>.</em></strong></span> 
     </span>
    </p>
   </div>
   <div class='ocr_carea' id='block_1_4' title="bbox 128 2032 2110 2138">
    <p class='ocr_par' dir='ltr' id='par_1_4' title="bbox 128 2032 2110 2138">
     <span class='ocr_line' id='line_1_13' title="bbox 128 2032 2110 2138; baseline 0.001 -24"><span class='ocrx_word' id='word_1_119' title='bbox 128 2051 130 2054; x_wconf 78' lang='grc'>’</span> <span class='ocrx_word' id='word_1_120' title='bbox 295 2035 361 2113; x_wconf 87' lang='lat' dir='ltr'>ubi</span> <span class='ocrx_word' id='word_1_121' title='bbox 395 2036 555 2113; x_wconf 82' lang='lat' dir='ltr'>solidior</span> <span class='ocrx_word' id='word_1_122' title='bbox 588 2037 629 2111; x_wconf 89' lang='lat' dir='ltr'>et</span> <span class='ocrx_word' id='word_1_123' title='bbox 660 2032 816 2111; x_wconf 86' lang='lat' dir='ltr'>densior</span> <span class='ocrx_word' id='word_1_124' title='bbox 848 2039 916 2130; x_wconf 85' lang='lat' dir='ltr'>sit,</span> <span class='ocrx_word' id='word_1_125' title='bbox 962 2059 1075 2136; x_wconf 81' lang='lat' dir='ltr'>quom</span> <span class='ocrx_word' id='word_1_126' title='bbox 1106 2036 1151 2110; x_wconf 89' lang='lat' dir='ltr'>ut</span> <span class='ocrx_word' id='word_1_127' title='bbox 1181 2032 1329 2138; x_wconf 82' lang='lat' dir='ltr'>liquide</span> <span class='ocrx_word' id='word_1_128' title='bbox 1360 2032 1536 2126; x_wconf 72' lang='lat' dir='ltr'>colorata</span> <span class='ocrx_word' id='word_1_129' title='bbox 1562 2037 1652 2111; x_wconf 88' lang='lat' dir='ltr'>ante</span> <span class='ocrx_word' id='word_1_130' title='bbox 1677 2033 1823 2110; x_wconf 84' lang='lat' dir='ltr'>eoloris</span> <span class='ocrx_word' id='word_1_131' title='bbox 1848 2035 2003 2114; x_wconf 79' lang='lat' dir='ltr'>chartac</span> <span class='ocrx_word' id='word_1_132' title='bbox 2019 2062 2110 2115; x_wconf 86' lang='lat' dir='ltr'>mn·</span> 
     </span>
    </p>
   </div>
   <div class='ocr_carea' id='block_1_5' title="bbox 294 2161 1010 2262">
    <p class='ocr_par' dir='ltr' id='par_1_5' title="bbox 294 2161 1010 2262">
     <span class='ocr_line' id='line_1_14' title="bbox 294 2161 1010 2262; baseline -0.007 -23"><span class='ocrx_word' id='word_1_133' title='bbox 294 2167 477 2239; x_wconf 84' lang='lat' dir='ltr'>tationem</span> <span class='ocrx_word' id='word_1_134' title='bbox 504 2187 587 2240; x_wconf 79' lang='lat' dir='ltr'>eam</span> <span class='ocrx_word' id='word_1_135' title='bbox 613 2185 811 2262; x_wconf 83' lang='lat' dir='ltr'>permeare</span> <span class='ocrx_word' id='word_1_136' title='bbox 836 2161 1010 2260; x_wconf 88' lang='lat' dir='ltr'>possent.</span> 
     </span>
    </p>
   </div>
   <div class='ocr_carea' id='block_1_6' title="bbox 293 2399 2110 2803">
    <p class='ocr_par' dir='ltr' id='par_1_6' title="bbox 293 2399 2110 2768">
     <span class='ocr_line' id='line_1_15' title="bbox 879 2399 1498 2482; baseline 0.003 -21"><span class='ocrx_word' id='word_1_137' title='bbox 879 2403 1077 2482; x_wconf 71' lang='lat' dir='ltr'>Argnnentetio</span> <span class='ocrx_word' id='word_1_138' title='bbox 1094 2401 1129 2461; x_wconf 80' lang='lat' dir='ltr'>de</span> <span class='ocrx_word' id='word_1_139' title='bbox 1144 2399 1234 2465; x_wconf 85' lang='lat' dir='ltr'>indole</span> <span class='ocrx_word' id='word_1_140' title='bbox 1251 2402 1389 2465; x_wconf 80' lang='lat' dir='ltr'>ventriculi</span> <span class='ocrx_word' id='word_1_141' title='bbox 1405 2405 1498 2465; x_wconf 79' lang='grc' dir='ltr'>ιιιιιιιι.</span> 
     </span>
     <span class='ocr_line' id='line_1_16' title="bbox 339 2532 2110 2630; baseline 0.001 -16"><span class='ocrx_word' id='word_1_142' title='bbox 339 2548 342 2557; x_wconf 80' lang='grc'><em>“</em></span> <span class='ocrx_word' id='word_1_143' title='bbox 428 2532 731 2613; x_wconf 75' lang='lat' dir='ltr'>Observationes</span> <span class='ocrx_word' id='word_1_144' title='bbox 757 2532 847 2630; x_wconf 88' lang='lat' dir='ltr'>bae,</span> <span class='ocrx_word' id='word_1_145' title='bbox 887 2535 928 2608; x_wconf 93' lang='lat' dir='ltr'>in</span> <span class='ocrx_word' id='word_1_146' title='bbox 953 2536 1135 2609; x_wconf 73' lang='lat' dir='ltr'>inanitate</span> <span class='ocrx_word' id='word_1_147' title='bbox 1167 2533 1386 2611; x_wconf 82' lang='lat' dir='ltr'>animalium</span> <span class='ocrx_word' id='word_1_148' title='bbox 1417 2533 1666 2612; x_wconf 84' lang='lat' dir='ltr'>ventriculum</span> <span class='ocrx_word' id='word_1_149' title='bbox 1699 2534 1978 2615; x_wconf 82' lang='lat' dir='ltr'>evidentissime</span> <span class='ocrx_word' id='word_1_150' title='bbox 2007 2539 2110 2615; x_wconf 85' lang='lat' dir='ltr'>alca·</span> 
     </span>
     <span class='ocr_line' id='line_1_17' title="bbox 293 2645 2109 2803; baseline 0.002 -65"><span class='ocrx_word' id='word_1_151' title='bbox 293 2662 440 2740; x_wconf 88' lang='lat' dir='ltr'>lescere</span> <span class='ocrx_word' id='word_1_152' title='bbox 473 2659 533 2737; x_wconf 84' lang='lat' dir='ltr'>vel</span> <span class='ocrx_word' id='word_1_153' title='bbox 563 2645 762 2736; x_wconf 88' lang='lat' dir='ltr'>alcalioum</span> <span class='ocrx_word' id='word_1_154' title='bbox 788 2656 972 2762; x_wconf 89' lang='lat' dir='ltr'>liquidum</span> <span class='ocrx_word' id='word_1_155' title='bbox 1000 2661 1211 2755; x_wconf 84' lang='lat' dir='ltr'>continere,</span> <span class='ocrx_word' id='word_1_156' title='bbox 1253 2658 1356 2762; x_wconf 87' lang='lat' dir='ltr'>quod</span> <span class='ocrx_word' id='word_1_157' title='bbox 1388 2663 1640 2803; x_wconf 81' lang='lat' dir='ltr'>meminerim,</span> <span class='ocrx_word' id='word_1_158' title='bbox 1678 2687 1704 2736; x_wconf 84' lang='lat' dir='ltr'>a</span> <span class='ocrx_word' id='word_1_159' title='bbox 1730 2667 1879 2739; x_wconf 84' lang='lat' dir='ltr'>nornine</span> <span class='ocrx_word' id='word_1_160' title='bbox 1911 2661 2109 2768; x_wconf 87' lang='lat' dir='ltr'>lucusque</span> 
     </span>
    </p>
   </div>
   <div class='ocr_carea' id='block_1_7' title="bbox 174 2778 2107 2890">
    <p class='ocr_par' dir='ltr' id='par_1_7' title="bbox 174 2778 2107 2890">
     <span class='ocr_line' id='line_1_18' title="bbox 174 2778 2107 2890; baseline 0.002 -26"><span class='ocrx_word' id='word_1_161' title='bbox 174 2864 177 2871; x_wconf 73' lang='grc'><strong>,</strong></span> <span class='ocrx_word' id='word_1_162' title='bbox 294 2787 417 2865; x_wconf 82' lang='lat' dir='ltr'>sactae</span> <span class='ocrx_word' id='word_1_163' title='bbox 445 2793 551 2884; x_wconf 86' lang='lat' dir='ltr'>sunt,</span> <span class='ocrx_word' id='word_1_164' title='bbox 578 2788 655 2861; x_wconf 92' lang='lat' dir='ltr'>imo</span> <span class='ocrx_word' id='word_1_165' title='bbox 682 2779 732 2859; x_wconf 87' lang='lat' dir='ltr'>ab</span> <span class='ocrx_word' id='word_1_166' title='bbox 761 2778 937 2859; x_wconf 86' lang='lat' dir='ltr'>omnibus</span> <span class='ocrx_word' id='word_1_167' title='bbox 963 2780 1081 2886; x_wconf 73' lang='lat' dir='ltr'>vulgo</span> <span class='ocrx_word' id='word_1_168' title='bbox 1108 2784 1294 2882; x_wconf 88' lang='lat' dir='ltr'>creditur,</span> <span class='ocrx_word' id='word_1_169' title='bbox 1321 2782 1459 2860; x_wconf 85' lang='lat' dir='ltr'>inter</span> <span class='ocrx_word' id='word_1_170' title='bbox 1439 2782 1591 2890; x_wconf 78' lang='lat' dir='ltr'>Jejnnia</span> <span class='ocrx_word' id='word_1_171' title='bbox 1616 2786 1866 2864; x_wconf 85' lang='lat' dir='ltr'>ventriculum</span> <span class='ocrx_word' id='word_1_172' title='bbox 1880 2787 1939 2865; x_wconf 80' lang='lat' dir='ltr'>rel</span> <span class='ocrx_word' id='word_1_173' title='bbox 1957 2788 2107 2867; x_wconf 78' lang='lat' dir='ltr'>acidum</span> 
     </span>
    </p>
   </div>
   <div class='ocr_carea' id='block_1_8' title="bbox 294 2907 2116 3138">
    <p class='ocr_par' dir='ltr' id='par_1_8' title="bbox 294 2907 2116 3138">
     <span class='ocr_line' id='line_1_19' title="bbox 294 2907 1048 2990; baseline -0.008 0"><span class='ocrx_word' id='word_1_174' title='bbox 294 2939 381 2990; x_wconf 84' lang='lat' dir='ltr'>esse</span> <span class='ocrx_word' id='word_1_175' title='bbox 406 2910 467 2989; x_wconf 84' lang='lat' dir='ltr'>vel</span> <span class='ocrx_word' id='word_1_176' title='bbox 493 2917 619 2987; x_wconf 84' lang='lat' dir='ltr'>tamen</span> <span class='ocrx_word' id='word_1_177' title='bbox 645 2911 800 2985; x_wconf 85' lang='lat' dir='ltr'>nonnisi</span> <span class='ocrx_word' id='word_1_178' title='bbox 825 2907 1048 2985; x_wconf 74' lang='lat' dir='ltr'>neutralem.</span> 
     </span>
     <span class='ocr_line' id='line_1_20' title="bbox 427 3032 2116 3138; baseline 0.002 -26"><span class='ocrx_word' id='word_1_179' title='bbox 427 3037 640 3128; x_wconf 70' lang='lat' dir='ltr'>umerum</span> <span class='ocrx_word' id='word_1_180' title='bbox 665 3058 784 3129; x_wconf 88' lang='lat' dir='ltr'>nunc,</span> <span class='ocrx_word' id='word_1_181' title='bbox 799 3033 963 3137; x_wconf 88' lang='lat' dir='ltr'>qualem</span> <span class='ocrx_word' id='word_1_182' title='bbox 990 3033 1192 3111; x_wconf 75' lang='lat' dir='ltr'>ventriculi</span> <span class='ocrx_word' id='word_1_183' title='bbox 1200 3032 1470 3112; x_wconf 79' lang='lat' dir='ltr'>alcales&#39;ceritic</span> <span class='ocrx_word' id='word_1_184' title='bbox 1483 3032 1621 3112; x_wconf 83' lang='lat' dir='ltr'>babeat</span> <span class='ocrx_word' id='word_1_185' title='bbox 1639 3039 1846 3138; x_wconf 75' lang='lat' dir='ltr'>originem,</span> <span class='ocrx_word' id='word_1_186' title='bbox 1874 3064 1953 3112; x_wconf 90' lang='lat' dir='ltr'>non</span> <span class='ocrx_word' id='word_1_187' title='bbox 1968 3038 2116 3137; x_wconf 80' lang='lat' dir='ltr'>solum,</span> 
     </span>
    </p>
   </div>
   <div class='ocr_carea' id='block_1_9' title="bbox 294 3157 2242 3264">
    <p class='ocr_par' dir='ltr' id='par_1_9' title="bbox 294 3157 2242 3264">
     <span class='ocr_line' id='line_1_21' title="bbox 294 3157 2242 3264; baseline 0.002 -27"><span class='ocrx_word' id='word_1_188' title='bbox 294 3166 329 3237; x_wconf 87' lang='lat' dir='ltr'>si</span> <span class='ocrx_word' id='word_1_189' title='bbox 360 3160 543 3264; x_wconf 82' lang='lat' dir='ltr'>liquidum</span> <span class='ocrx_word' id='word_1_190' title='bbox 581 3163 621 3233; x_wconf 90' lang='lat' dir='ltr'>iu</span> <span class='ocrx_word' id='word_1_191' title='bbox 658 3157 888 3234; x_wconf 85' lang='lat' dir='ltr'>ventriculo.</span> <span class='ocrx_word' id='word_1_192' title='bbox 908 3157 1110 3236; x_wconf 69' lang='lat' dir='ltr'>collectum</span> <span class='ocrx_word' id='word_1_193' title='bbox 1148 3162 1216 3255; x_wconf 90' lang='lat' dir='ltr'>sit,</span> <span class='ocrx_word' id='word_1_194' title='bbox 1251 3157 1320 3235; x_wconf 89' lang='lat' dir='ltr'>sed</span> <span class='ocrx_word' id='word_1_195' title='bbox 1353 3165 1485 3256; x_wconf 89' lang='lat' dir='ltr'>etiam,</span> <span class='ocrx_word' id='word_1_196' title='bbox 1525 3159 1725 3236; x_wconf 75' lang='grc' dir='ltr'>ιιιοιὶιιιιιι</span> <span class='ocrx_word' id='word_1_197' title='bbox 1763 3161 1963 3238; x_wconf 76' lang='lat' dir='ltr'>ventriculi</span> <span class='ocrx_word' id='word_1_198' title='bbox 1994 3160 2106 3241; x_wconf 80' lang='grc' dir='ltr'>ιιιιιιιο</span> <span class='ocrx_word' id='word_1_199' title='bbox 2235 3172 2242 3179; x_wconf 80' lang='grc'><strong>”</strong></span> 
     </span>
    </p>
   </div>
   <div class='ocr_carea' id='block_1_10' title="bbox 225 3281 2166 5101">
    <p class='ocr_par' dir='ltr' id='par_1_10' title="bbox 291 3281 2105 3514">
     <span class='ocr_line' id='line_1_22' title="bbox 292 3281 2105 3388; baseline 0.002 -25"><span class='ocrx_word' id='word_1_200' title='bbox 292 3293 490 3388; x_wconf 80' lang='lat' dir='ltr'>appareat.</span> <span class='ocrx_word' id='word_1_201' title='bbox 544 3283 799 3361; x_wconf 85' lang='lat' dir='ltr'>llluslrissiml</span> <span class='ocrx_word' id='word_1_202' title='bbox 826 3286 897 3359; x_wconf 84' lang='lat' dir='ltr'>viri</span> <span class='ocrx_word' id='word_1_203' title='bbox 909 3282 1457 3361; x_wconf 71' lang='lat' dir='ltr'>&#39;l&#39;icdemennns&#39;ettimclinus</span> <span class='ocrx_word' id='word_1_204' title='bbox 1477 3281 1708 3363; x_wconf 75' lang='lat' dir='ltr'>observasse</span> <span class='ocrx_word' id='word_1_205' title='bbox 1728 3313 1770 3364; x_wconf 89' lang='lat' dir='ltr'>se</span> <span class='ocrx_word' id='word_1_206' title='bbox 1790 3287 1950 3364; x_wconf 86' lang='lat' dir='ltr'>credunt</span> <span class='ocrx_word' id='word_1_207' title='bbox 1968 3314 2105 3366; x_wconf 77' lang='lat' dir='ltr'>canum</span> 
     </span>
     <span class='ocr_line' id='line_1_23' title="bbox 291 3402 2104 3514; baseline 0.003 -28"><span class='ocrx_word' id='word_1_208' title='bbox 291 3407 526 3491; x_wconf 77' lang='lat' dir='ltr'>ventriculos</span> <span class='ocrx_word' id='word_1_209' title='bbox 543 3412 678 3485; x_wconf 88' lang='lat' dir='ltr'>inanes</span> <span class='ocrx_word' id='word_1_210' title='bbox 697 3433 815 3509; x_wconf 88' lang='lat' dir='ltr'>posse</span> <span class='ocrx_word' id='word_1_211' title='bbox 833 3405 883 3482; x_wconf 88' lang='lat' dir='ltr'>ad</span> <span class='ocrx_word' id='word_1_212' title='bbox 902 3413 1150 3485; x_wconf 83' lang='lat' dir='ltr'>secretionem</span> <span class='ocrx_word' id='word_1_213' title='bbox 1166 3408 1334 3514; x_wconf 83' lang='lat' dir='ltr'>liquoris</span> <span class='ocrx_word' id='word_1_214' title='bbox 1352 3409 1452 3486; x_wconf 78' lang='lat' dir='ltr'>scidi</span> <span class='ocrx_word' id='word_1_215' title='bbox 1463 3412 1620 3486; x_wconf 73' lang='lat' dir='ltr'>¹incitari</span> <span class='ocrx_word' id='word_1_216' title='bbox 1637 3436 1709 3511; x_wconf 88' lang='lat' dir='ltr'>per</span> <span class='ocrx_word' id='word_1_217' title='bbox 1733 3402 1861 3489; x_wconf 75' lang='lat' dir='ltr'>silices</span> <span class='ocrx_word' id='word_1_218' title='bbox 1885 3411 2104 3491; x_wconf 81' lang='lat' dir='ltr'>devoratos.</span> 
     </span>
    </p>

    <p class='ocr_par' dir='ltr' id='par_1_11' title="bbox 225 3531 2166 5014">
     <span class='ocr_line' id='line_1_24' title="bbox 424 3531 2157 3637; baseline 0.004 -27"><span class='ocrx_word' id='word_1_219' title='bbox 424 3538 513 3610; x_wconf 86' lang='lat' dir='ltr'>Non</span> <span class='ocrx_word' id='word_1_220' title='bbox 551 3534 676 3611; x_wconf 88' lang='lat' dir='ltr'>elucet</span> <span class='ocrx_word' id='word_1_221' title='bbox 714 3531 866 3635; x_wconf 90' lang='lat' dir='ltr'>quidem</span> <span class='ocrx_word' id='word_1_222' title='bbox 905 3558 955 3606; x_wconf 87' lang='lat' dir='ltr'>ex</span> <span class='ocrx_word' id='word_1_223' title='bbox 993 3536 1213 3611; x_wconf 78' lang='lat' dir='ltr'>narratione</span> <span class='ocrx_word' id='word_1_224' title='bbox 1255 3560 1324 3611; x_wconf 87' lang='lat' dir='ltr'>eos</span> <span class='ocrx_word' id='word_1_225' title='bbox 1361 3560 1451 3610; x_wconf 82' lang='lat' dir='ltr'>vere</span> <span class='ocrx_word' id='word_1_226' title='bbox 1488 3538 1751 3637; x_wconf 76' lang='lat' dir='ltr'>inquisivisse,</span> <span class='ocrx_word' id='word_1_227' title='bbox 1797 3564 1887 3613; x_wconf 84' lang='lat' dir='ltr'>num</span> <span class='ocrx_word' id='word_1_228' title='bbox 1926 3564 1974 3616; x_wconf 92' lang='lat' dir='ltr'>eo</span> <span class='ocrx_word' id='word_1_229' title='bbox 2011 3548 2105 3617; x_wconf 78' lang='lat' dir='ltr'>tem·</span> <span class='ocrx_word' id='word_1_230' title='bbox 2151 3537 2157 3543; x_wconf 73' lang='grc'><em>’</em></span> 
     </span>
     <span class='ocr_line' id='line_1_25' title="bbox 291 3644 2105 3764; baseline 0.004 -29"><span class='ocrx_word' id='word_1_231' title='bbox 291 3687 404 3763; x_wconf 85' lang='lat' dir='ltr'>pore,</span> <span class='ocrx_word' id='word_1_232' title='bbox 434 3687 511 3764; x_wconf 81' lang='lat' dir='ltr'>quo</span> <span class='ocrx_word' id='word_1_233' title='bbox 539 3644 668 3736; x_wconf 88' lang='lat' dir='ltr'>silices</span> <span class='ocrx_word' id='word_1_234' title='bbox 696 3654 855 3734; x_wconf 87' lang='lat' dir='ltr'>canibus</span> <span class='ocrx_word' id='word_1_235' title='bbox 883 3655 1030 3753; x_wconf 84' lang='lat' dir='ltr'>darent,</span> <span class='ocrx_word' id='word_1_236' title='bbox 1057 3657 1185 3734; x_wconf 81' lang='lat' dir='ltr'>nullae</span> <span class='ocrx_word' id='word_1_237' title='bbox 1212 3658 1311 3736; x_wconf 90' lang='lat' dir='ltr'>acidi</span> <span class='ocrx_word' id='word_1_238' title='bbox 1339 3658 1463 3762; x_wconf 69' lang='lat' dir='ltr'>cbymi</span> <span class='ocrx_word' id='word_1_239' title='bbox 1490 3666 1620 3759; x_wconf 86' lang='lat' dir='ltr'>partes</span> <span class='ocrx_word' id='word_1_240' title='bbox 1647 3665 1922 3740; x_wconf 80' lang='lat' dir='ltr'>remansissent</span> <span class='ocrx_word' id='word_1_241' title='bbox 1948 3667 1988 3740; x_wconf 94' lang='lat' dir='ltr'>in</span> <span class='ocrx_word' id='word_1_242' title='bbox 2016 3693 2105 3743; x_wconf 80' lang='lat' dir='ltr'>ren·</span> 
     </span>
     <span class='ocr_line' id='line_1_26' title="bbox 291 3780 2103 3889; baseline 0.003 -28"><span class='ocrx_word' id='word_1_243' title='bbox 291 3784 429 3861; x_wconf 86' lang='lat' dir='ltr'>triculo</span> <span class='ocrx_word' id='word_1_244' title='bbox 449 3781 631 3888; x_wconf 82' lang='lat' dir='ltr'>aquibus</span> <span class='ocrx_word' id='word_1_245' title='bbox 646 3783 794 3858; x_wconf 88' lang='lat' dir='ltr'>acidum</span> <span class='ocrx_word' id='word_1_246' title='bbox 809 3780 903 3857; x_wconf 92' lang='lat' dir='ltr'>illud</span> <span class='ocrx_word' id='word_1_247' title='bbox 921 3780 1083 3859; x_wconf 85' lang='lat' dir='ltr'>derivari</span> <span class='ocrx_word' id='word_1_248' title='bbox 1104 3786 1255 3885; x_wconf 83' lang='lat' dir='ltr'>posset,</span> <span class='ocrx_word' id='word_1_249' title='bbox 1282 3808 1372 3860; x_wconf 81' lang='lat' dir='ltr'>num</span> <span class='ocrx_word' id='word_1_250' title='bbox 1400 3784 1521 3885; x_wconf 77' lang='lat' dir='ltr'>igitur</span> <span class='ocrx_word' id='word_1_251' title='bbox 1547 3784 1780 3861; x_wconf 78' lang='lat' dir='ltr'>ventriculus</span> <span class='ocrx_word' id='word_1_252' title='bbox 1793 3791 1948 3863; x_wconf 92' lang='lat' dir='ltr'>omnino</span> <span class='ocrx_word' id='word_1_253' title='bbox 1965 3793 2103 3889; x_wconf 87' lang='lat' dir='ltr'>inanis,</span> 
     </span>
     <span class='ocr_line' id='line_1_27' title="bbox 291 3903 2105 4009; baseline 0.004 -24"><span class='ocrx_word' id='word_1_254' title='bbox 291 3909 438 3987; x_wconf 73' lang='lat' dir='ltr'>acidum</span> <span class='ocrx_word' id='word_1_255' title='bbox 466 3907 657 3986; x_wconf 78' lang='lat' dir='ltr'>artiliciali</span> <span class='ocrx_word' id='word_1_256' title='bbox 683 3907 915 3984; x_wconf 84' lang='lat' dir='ltr'>excitatione</span> <span class='ocrx_word' id='word_1_257' title='bbox 941 3910 981 3982; x_wconf 92' lang='lat' dir='ltr'>in</span> <span class='ocrx_word' id='word_1_258' title='bbox 1009 3932 1052 3983; x_wconf 90' lang='lat' dir='ltr'>se</span> <span class='ocrx_word' id='word_1_259' title='bbox 1066 3915 1253 3986; x_wconf 83' lang='lat' dir='ltr'>secretum</span> <span class='ocrx_word' id='word_1_260' title='bbox 1273 3904 1349 3985; x_wconf 85' lang='lat' dir='ltr'>sibi</span> <span class='ocrx_word' id='word_1_261' title='bbox 1376 3903 1590 4009; x_wconf 84' lang='lat' dir='ltr'>praeberet.</span> <span class='ocrx_word' id='word_1_262' title='bbox 1644 3909 1740 3986; x_wconf 80' lang='lat' dir='ltr'>Mihi</span> <span class='ocrx_word' id='word_1_263' title='bbox 1768 3938 1858 3988; x_wconf 80' lang='lat' dir='ltr'>vero</span> <span class='ocrx_word' id='word_1_264' title='bbox 1887 3912 1934 3989; x_wconf 91' lang='lat' dir='ltr'>de</span> <span class='ocrx_word' id='word_1_265' title='bbox 1962 3914 2033 3991; x_wconf 86' lang='lat' dir='ltr'>lac</span> <span class='ocrx_word' id='word_1_266' title='bbox 2060 3944 2105 3992; x_wconf 92' lang='lat' dir='ltr'>rc</span> 
     </span>
     <span class='ocr_line' id='line_1_28' title="bbox 259 4029 2105 4135; baseline 0.003 -24"><span class='ocrx_word' id='word_1_267' title='bbox 259 4126 263 4131; x_wconf 22' lang='lat'>¹</span> <span class='ocrx_word' id='word_1_268' title='bbox 291 4029 537 4113; x_wconf 80' lang='lat' dir='ltr'>dubitandum</span> <span class='ocrx_word' id='word_1_269' title='bbox 565 4035 637 4111; x_wconf 87' lang='lat' dir='ltr'>est.</span> <span class='ocrx_word' id='word_1_270' title='bbox 677 4035 789 4109; x_wconf 79' lang='lat' dir='ltr'>&#39;Nem</span> <span class='ocrx_word' id='word_1_271' title='bbox 816 4059 891 4134; x_wconf 76' lang='lat' dir='ltr'>ego</span> <span class='ocrx_word' id='word_1_272' title='bbox 920 4058 1109 4135; x_wconf 85' lang='lat' dir='ltr'>nunquam</span> <span class='ocrx_word' id='word_1_273' title='bbox 1137 4031 1463 4134; x_wconf 67' lang='lat' dir='ltr'>post-perlectam</span> <span class='ocrx_word' id='word_1_274' title='bbox 1490 4035 1687 4111; x_wconf 72' lang='lat' dir='ltr'>ventriculi</span> <span class='ocrx_word' id='word_1_275' title='bbox 1715 4041 1998 4113; x_wconf 80' lang='lat' dir='ltr'>evacuationem</span> <span class='ocrx_word' id='word_1_276' title='bbox 2026 4045 2105 4118; x_wconf 84' lang='lat' dir='ltr'>ael·</span> 
     </span>
     <span class='ocr_line' id='line_1_29' title="bbox 290 4153 2103 4262; baseline 0.004 -27"><span class='ocrx_word' id='word_1_277' title='bbox 290 4156 379 4235; x_wconf 87' lang='lat' dir='ltr'>dum</span> <span class='ocrx_word' id='word_1_278' title='bbox 399 4158 499 4255; x_wconf 70' lang='lat' dir='ltr'>ridi,</span> <span class='ocrx_word' id='word_1_279' title='bbox 527 4157 714 4262; x_wconf 79' lang='lat' dir='ltr'>siquidem</span> <span class='ocrx_word' id='word_1_280' title='bbox 741 4184 854 4235; x_wconf 89' lang='lat' dir='ltr'>omne</span> <span class='ocrx_word' id='word_1_281' title='bbox 875 4154 1029 4233; x_wconf 84' lang='lat' dir='ltr'>ocidnm</span> <span class='ocrx_word' id='word_1_282' title='bbox 1055 4184 1080 4232; x_wconf 84' lang='lat' dir='ltr'>a</span> <span class='ocrx_word' id='word_1_283' title='bbox 1102 4172 1164 4234; x_wconf 79' lang='lat' dir='ltr'>ine</span> <span class='ocrx_word' id='word_1_284' title='bbox 1191 4153 1430 4237; x_wconf 75' lang='grc' dir='ltr'>οιιοοιιιιιιιιι</span> <span class='ocrx_word' id='word_1_285' title='bbox 1459 4185 1537 4235; x_wconf 92' lang='lat' dir='ltr'>non</span> <span class='ocrx_word' id='word_1_286' title='bbox 1565 4155 1614 4235; x_wconf 85' lang='lat' dir='ltr'>ab</span> <span class='ocrx_word' id='word_1_287' title='bbox 1641 4159 1754 4236; x_wconf 70' lang='lat' dir='ltr'>acide</span> <span class='ocrx_word' id='word_1_288' title='bbox 1778 4163 2005 4260; x_wconf 83' lang='lat' dir='ltr'>secretione,</span> <span class='ocrx_word' id='word_1_289' title='bbox 2032 4165 2103 4243; x_wconf 88' lang='lat' dir='ltr'>scd</span> 
     </span>
     <span class='ocr_line' id='line_1_30' title="bbox 289 4278 2079 4391; baseline 0.003 -31"><span class='ocrx_word' id='word_1_290' title='bbox 289 4280 340 4360; x_wconf 77' lang='lat' dir='ltr'>ab</span> <span class='ocrx_word' id='word_1_291' title='bbox 361 4283 480 4359; x_wconf 77' lang='lat' dir='ltr'>&#39;acido</span> <span class='ocrx_word' id='word_1_292' title='bbox 507 4284 642 4387; x_wconf 70' lang='lat' dir='ltr'>eleymo</span> <span class='ocrx_word' id='word_1_293' title='bbox 669 4287 765 4360; x_wconf 85' lang='lat' dir='ltr'>oriri</span> <span class='ocrx_word' id='word_1_294' title='bbox 792 4278 976 4382; x_wconf 83' lang='lat' dir='ltr'>expertus</span> <span class='ocrx_word' id='word_1_295' title='bbox 1003 4308 1100 4358; x_wconf 77' lang='lat' dir='ltr'>sun.</span> <span class='ocrx_word' id='word_1_296' title='bbox 1124 4281 1241 4382; x_wconf 76' lang='lat' dir='ltr'>·‹(ridi</span> <span class='ocrx_word' id='word_1_297' title='bbox 1267 4280 1370 4359; x_wconf 78' lang='lat' dir='ltr'>inira</span> <span class='ocrx_word' id='word_1_298' title='bbox 1396 4286 1491 4385; x_wconf 80' lang='lat' dir='ltr'>Cap.</span> <span class='ocrx_word' id='word_1_299' title='bbox 1518 4286 1586 4360; x_wconf 82' lang='grc' dir='ltr'><strong>ΙΙΙ.</strong></span> <span class='ocrx_word' id='word_1_300' title='bbox 1615 4282 1785 4360; x_wconf 80' lang='lat' dir='ltr'>Theoria</span> <span class='ocrx_word' id='word_1_301' title='bbox 1813 4285 2079 4391; x_wconf 75' lang='lat' dir='ltr'>digestionis.)</span> 
     </span>
     <span class='ocr_line' id='line_1_31' title="bbox 228 4403 2151 4505; baseline 0.005 -21"><span class='ocrx_word' id='word_1_302' title='bbox 228 4440 233 4453; x_wconf 93' lang='lat'><strong>·</strong></span> <span class='ocrx_word' id='word_1_303' title='bbox 322 4425 325 4431; x_wconf 82' lang='lat'>&#39;</span> <span class='ocrx_word' id='word_1_304' title='bbox 423 4408 630 4485; x_wconf 79' lang='lat' dir='ltr'>Praeterea</span> <span class='ocrx_word' id='word_1_305' title='bbox 654 4434 747 4484; x_wconf 79' lang='lat' dir='ltr'>vero</span> <span class='ocrx_word' id='word_1_306' title='bbox 775 4405 970 4483; x_wconf 77' lang='lat' dir='ltr'>elrelicam</span> <span class='ocrx_word' id='word_1_307' title='bbox 997 4404 1101 4481; x_wconf 89' lang='lat' dir='ltr'>illam</span> <span class='ocrx_word' id='word_1_308' title='bbox 1127 4403 1328 4485; x_wconf 73' lang='lat' dir='ltr'>ventriculi</span> <span class='ocrx_word' id='word_1_309' title='bbox 1353 4406 1538 4505; x_wconf 89' lang='lat' dir='ltr'>indolem,</span> <span class='ocrx_word' id='word_1_310' title='bbox 1571 4412 1613 4484; x_wconf 90' lang='lat' dir='ltr'>in</span> <span class='ocrx_word' id='word_1_311' title='bbox 1641 4406 1867 4487; x_wconf 75' lang='lat' dir='ltr'>animalibus</span> <span class='ocrx_word' id='word_1_312' title='bbox 1894 4440 1920 4489; x_wconf 84' lang='lat' dir='ltr'>a</span> <span class='ocrx_word' id='word_1_313' title='bbox 1943 4438 2004 4491; x_wconf 77' lang='lat' dir='ltr'>nse</span> <span class='ocrx_word' id='word_1_314' title='bbox 2020 4412 2103 4494; x_wconf 69' lang='lat' dir='ltr'>nb·</span> <span class='ocrx_word' id='word_1_315' title='bbox 2149 4414 2151 4419; x_wconf 64' lang='grc'>’</span> 
     </span>
     <span class='ocr_line' id='line_1_32' title="bbox 225 4529 2130 4632; baseline 0.006 -23"><span class='ocrx_word' id='word_1_316' title='bbox 225 4601 233 4609; x_wconf 91' lang='grc'><strong>.</strong></span> <span class='ocrx_word' id='word_1_317' title='bbox 289 4536 485 4628; x_wconf 67' lang='lat' dir='ltr'>semotis,</span> <span class='ocrx_word' id='word_1_318' title='bbox 499 4536 654 4609; x_wconf 88' lang='lat' dir='ltr'>nonnisi</span> <span class='ocrx_word' id='word_1_319' title='bbox 685 4559 736 4610; x_wconf 84' lang='lat' dir='ltr'>ex</span> <span class='ocrx_word' id='word_1_320' title='bbox 763 4531 884 4609; x_wconf 82' lang='lat' dir='ltr'>saliva</span> <span class='ocrx_word' id='word_1_321' title='bbox 909 4529 1104 4632; x_wconf 73' lang='lat' dir='ltr'>deglndta</span> <span class='ocrx_word' id='word_1_322' title='bbox 1134 4556 1314 4608; x_wconf 81' lang='lat' dir='ltr'>emanere</span> <span class='ocrx_word' id='word_1_323' title='bbox 1339 4532 1648 4610; x_wconf 75' lang='lat' dir='ltr'>verisimillimum</span> <span class='ocrx_word' id='word_1_324' title='bbox 1682 4543 1753 4615; x_wconf 87' lang='lat' dir='ltr'>est.</span> <span class='ocrx_word' id='word_1_325' title='bbox 1794 4535 2130 4620; x_wconf 75' lang='lat' dir='ltr'>dividentisstme‘</span> 
     </span>
     <span class='ocr_line' id='line_1_33' title="bbox 288 4654 2101 4763; baseline 0.006 -29"><span class='ocrx_word' id='word_1_326' title='bbox 288 4663 450 4738; x_wconf 49' lang='lat' dir='ltr'>renem</span> <span class='ocrx_word' id='word_1_327' title='bbox 464 4678 562 4734; x_wconf 49' lang='lat' dir='ltr'>‘esse</span> <span class='ocrx_word' id='word_1_328' title='bbox 589 4660 629 4734; x_wconf 86' lang='lat' dir='ltr'>in</span> <span class='ocrx_word' id='word_1_329' title='bbox 656 4684 757 4763; x_wconf 83' lang='lat' dir='ltr'>equo</span> <span class='ocrx_word' id='word_1_330' title='bbox 784 4662 958 4758; x_wconf 79' lang='lat' dir='ltr'>apparet.</span> <span class='ocrx_word' id='word_1_331' title='bbox 1012 4657 1110 4733; x_wconf 80' lang='lat' dir='ltr'>Num</span> <span class='ocrx_word' id='word_1_332' title='bbox 1129 4654 1203 4732; x_wconf 83' lang='lat' dir='ltr'>illo</span> <span class='ocrx_word' id='word_1_333' title='bbox 1229 4659 1384 4757; x_wconf 81' lang='lat' dir='ltr'>pituita,</span> <span class='ocrx_word' id='word_1_334' title='bbox 1411 4683 1526 4762; x_wconf 84' lang='lat' dir='ltr'>quam</span> <span class='ocrx_word' id='word_1_335' title='bbox 1554 4683 1624 4759; x_wconf 81' lang='lat' dir='ltr'>per</span> <span class='ocrx_word' id='word_1_336' title='bbox 1651 4660 1850 4736; x_wconf 66' lang='lat' dir='ltr'>ventriculi</span> <span class='ocrx_word' id='word_1_337' title='bbox 1877 4671 2101 4744; x_wconf 75' lang='lat' dir='ltr'>maceratio·</span> 
     </span>
     <span class='ocr_line' id='line_1_34' title="bbox 287 4776 2166 4893; baseline 0.004 -32"><span class='ocrx_word' id='word_1_338' title='bbox 287 4792 378 4861; x_wconf 75' lang='lat' dir='ltr'>nem</span> <span class='ocrx_word' id='word_1_339' title='bbox 402 4787 686 4878; x_wconf 71' lang='lat' dir='ltr'>nanciscimur,</span> <span class='ocrx_word' id='word_1_340' title='bbox 711 4786 889 4883; x_wconf 73' lang='lat' dir='ltr'>propter</span> <span class='ocrx_word' id='word_1_341' title='bbox 918 4790 1105 4884; x_wconf 74' lang='lat' dir='ltr'>magnam</span> <span class='ocrx_word' id='word_1_342' title='bbox 1144 4776 1347 4859; x_wconf 74' lang='grc' dir='ltr'>αιιιιιιιιιιιι</span> <span class='ocrx_word' id='word_1_343' title='bbox 1380 4787 1529 4883; x_wconf 77' lang='lat' dir='ltr'>copiam</span> <span class='ocrx_word' id='word_1_344' title='bbox 1570 4782 1818 4862; x_wconf 72' lang='lat' dir='ltr'>fervescendo</span> <span class='ocrx_word' id='word_1_345' title='bbox 1857 4789 2100 4893; x_wconf 75' lang='lat' dir='ltr'>coaguletur,</span> <span class='ocrx_word' id='word_1_346' title='bbox 2160 4784 2166 4790; x_wconf 69' lang='grc'><em>’</em></span> 
     </span>
     <span class='ocr_line' id='line_1_35' title="bbox 234 4898 2101 5101; baseline 0.004 -114"><span class='ocrx_word' id='word_1_347' title='bbox 234 4898 244 4913; x_wconf 80' lang='grc'><em>’</em></span> <span class='ocrx_word' id='word_1_348' title='bbox 287 4917 423 4987; x_wconf 71' lang='lat' dir='ltr'>conns</span> <span class='ocrx_word' id='word_1_349' title='bbox 440 4935 545 4987; x_wconf 64' lang='lat' dir='ltr'>nero</span> <span class='ocrx_word' id='word_1_350' title='bbox 567 4907 772 5013; x_wconf 79' lang='lat' dir='ltr'>liquamin&#39;</span> <span class='ocrx_word' id='word_1_351' title='bbox 752 4933 863 5015; x_wconf 76' lang='lat' dir='ltr'>equo</span> <span class='ocrx_word' id='word_1_352' title='bbox 881 4933 996 4985; x_wconf 67' lang='lat' dir='ltr'>em</span> <span class='ocrx_word' id='word_1_353' title='bbox 1003 4904 1251 5003; x_wconf 63' lang='lat' dir='ltr'>obseruatus,</span> <span class='ocrx_word' id='word_1_354' title='bbox 1274 4905 1420 5053; x_wconf 77' lang='lat' dir='ltr'>salivae</span> <span class='ocrx_word' id='word_1_355' title='bbox 1453 4907 1607 5007; x_wconf 77' lang='grc' dir='ltr'>ιιιιιιιΙιι,</span> <span class='ocrx_word' id='word_1_356' title='bbox 1634 4934 1761 5101; x_wconf 78' lang='lat' dir='ltr'>neque</span> <span class='ocrx_word' id='word_1_357' title='bbox 1771 4907 1954 5081; x_wconf 75' lang='lat' dir='ltr'>albumen</span> <span class='ocrx_word' id='word_1_358' title='bbox 1969 4914 2101 5049; x_wconf 80' lang='lat' dir='ltr'>babuit</span> 
     </span>
    </p>
   </div>
   <div class='ocr_carea' id='block_1_11' title="bbox 254 5017 970 5141">
    <p class='ocr_par' dir='ltr' id='par_1_12' title="bbox 254 5017 970 5141">
     <span class='ocr_line' id='line_1_36' title="bbox 254 5017 970 5141; baseline -0.002 -29"><span class='ocrx_word' id='word_1_359' title='bbox 254 5017 258 5024; x_wconf 54' lang='grc'>’</span> <span class='ocrx_word' id='word_1_360' title='bbox 286 5058 410 5141; x_wconf 73' lang='lat' dir='ltr'>nsque</span> <span class='ocrx_word' id='word_1_361' title='bbox 425 5031 970 5137; x_wconf 67' lang='grc' dir='ltr'>;ιιιιιιιωιᾶιι·φαιι*ξ..</span> 
     </span>
    </p>
   </div>
   <div class='ocr_carea' id='block_1_12' title="bbox 0 0 2420 6185">
    <p class='ocr_par' dir='ltr' id='par_1_13' title="bbox 0 0 2420 6185">
     <span class='ocr_line' id='line_1_37' title="bbox 0 0 2420 6185; baseline 0 0"><span class='ocrx_word' id='word_1_362' title='bbox 0 0 2420 6185; x_wconf 95' lang='lat' dir='ltr'> </span> 
     </span>
    </p>
   </div>
  </div>
 </body>
</html>
