<?xml version="1.0" encoding="UTF-8"?>
<!DOCTYPE html PUBLIC "-//W3C//DTD XHTML 1.0 Transitional//EN"
    "http://www.w3.org/TR/xhtml1/DTD/xhtml1-transitional.dtd">
<html xmlns="http://www.w3.org/1999/xhtml" xml:lang="en" lang="en">
 <head>
  <title>
</title>
<meta http-equiv="Content-Type" content="text/html;charset=utf-8" />
  <meta name='ocr-system' content='tesseract 3.04.00' />
  <meta name='ocr-capabilities' content='ocr_page ocr_carea ocr_par ocr_line ocrx_word'/>
</head>
<body>
  <div class='ocr_page' id='page_1' title='image "./dealimentorumco00schgoog_0105.png"; bbox 0 0 4830 6188; ppageno 0'>
   <div class='ocr_carea' id='block_1_1' title="bbox 1123 483 1185 579">
    <p class='ocr_par' dir='ltr' id='par_1_1' title="bbox 1123 483 1185 579">
     <span class='ocr_line' id='line_1_1' title="bbox 1123 483 1185 579; baseline 0.032 -2"><span class='ocrx_word' id='word_1_1' title='bbox 1123 483 1185 579; x_wconf 79' lang='lat'><strong>95</strong></span> 
     </span>
    </p>
   </div>
   <div class='ocr_carea' id='block_1_2' title="bbox 246 646 2063 921">
    <p class='ocr_par' dir='ltr' id='par_1_2' title="bbox 246 646 2063 921">
     <span class='ocr_line' id='line_1_2' title="bbox 248 646 2062 800; baseline -0.013 -25"><span class='ocrx_word' id='word_1_2' title='bbox 248 699 408 800; x_wconf 85' lang='lat' dir='ltr'><strong>organis</strong></span> <span class='ocrx_word' id='word_1_3' title='bbox 437 692 585 769; x_wconf 87' lang='lat' dir='ltr'><strong>diversa</strong></span> <span class='ocrx_word' id='word_1_4' title='bbox 610 712 756 792; x_wconf 90' lang='lat' dir='ltr'><strong>genera</strong></span> <span class='ocrx_word' id='word_1_5' title='bbox 781 679 1001 760; x_wconf 75' lang='lat' dir='ltr'><strong>morborum</strong></span> <span class='ocrx_word' id='word_1_6' title='bbox 1028 680 1251 784; x_wconf 84' lang='lat' dir='ltr'><strong>sequuntur.</strong></span> <span class='ocrx_word' id='word_1_7' title='bbox 1306 676 1455 752; x_wconf 86' lang='lat' dir='ltr'><strong>llomm</strong></span> <span class='ocrx_word' id='word_1_8' title='bbox 1468 683 1594 752; x_wconf 87' lang='lat' dir='ltr'><strong>autem</strong></span> <span class='ocrx_word' id='word_1_9' title='bbox 1607 646 1734 751; x_wconf 81' lang='lat' dir='ltr'><strong>veram</strong></span> <span class='ocrx_word' id='word_1_10' title='bbox 1749 675 1937 776; x_wconf 79' lang='lat' dir='ltr'><strong>originem</strong></span> <span class='ocrx_word' id='word_1_11' title='bbox 1948 697 2062 752; x_wconf 82' lang='lat' dir='ltr'><strong>nemo</strong></span> 
     </span>
     <span class='ocr_line' id='line_1_3' title="bbox 246 797 2063 921; baseline -0.012 -22"><span class='ocrx_word' id='word_1_12' title='bbox 246 821 330 900; x_wconf 79' lang='lat' dir='ltr'><strong>lere</strong></span> <span class='ocrx_word' id='word_1_13' title='bbox 357 817 554 921; x_wconf 90' lang='lat' dir='ltr'><strong>hucusque</strong></span> <span class='ocrx_word' id='word_1_14' title='bbox 582 840 631 891; x_wconf 85' lang='lat' dir='ltr'><strong>ex</strong></span> <span class='ocrx_word' id='word_1_15' title='bbox 658 813 818 888; x_wconf 83' lang='lat' dir='ltr'><strong>naturae</strong></span> <span class='ocrx_word' id='word_1_16' title='bbox 845 805 1124 884; x_wconf 79' lang='lat' dir='ltr'><strong>necessitudine</strong></span> <span class='ocrx_word' id='word_1_17' title='bbox 1151 797 1403 906; x_wconf 87' lang='lat' dir='ltr'><strong>probabiliter</strong></span> <span class='ocrx_word' id='word_1_18' title='bbox 1422 798 1619 899; x_wconf 76' lang='lat' dir='ltr'><strong>derivavit,</strong></span> <span class='ocrx_word' id='word_1_19' title='bbox 1647 825 1765 906; x_wconf 89' lang='lat' dir='ltr'><strong>qnare</strong></span> <span class='ocrx_word' id='word_1_20' title='bbox 1791 803 1926 902; x_wconf 87' lang='lat' dir='ltr'><strong>paneis</strong></span> <span class='ocrx_word' id='word_1_21' title='bbox 1936 797 2063 878; x_wconf 78' lang='lat' dir='ltr'><strong>adhvm</strong></span> 
     </span>
    </p>
   </div>
   <div class='ocr_carea' id='block_1_3' title="bbox 170 929 1415 1042">
    <p class='ocr_par' dir='ltr' id='par_1_3' title="bbox 170 929 1415 1042">
     <span class='ocr_line' id='line_1_4' title="bbox 170 929 1415 1042; baseline -0.019 -17"><span class='ocrx_word' id='word_1_22' title='bbox 170 993 173 997; x_wconf 94' lang='lat'>·</span> <span class='ocrx_word' id='word_1_23' title='bbox 216 1010 219 1019; x_wconf 92' lang='lat'>.</span> <span class='ocrx_word' id='word_1_24' title='bbox 246 950 344 1024; x_wconf 83' lang='lat' dir='ltr'><strong>viem</strong></span> <span class='ocrx_word' id='word_1_25' title='bbox 371 936 569 1038; x_wconf 90' lang='lat' dir='ltr'><strong>indicabo,</strong></span> <span class='ocrx_word' id='word_1_26' title='bbox 597 962 673 1042; x_wconf 89' lang='lat' dir='ltr'><strong>qua</strong></span> <span class='ocrx_word' id='word_1_27' title='bbox 700 960 835 1014; x_wconf 91' lang='lat' dir='ltr'><strong>eornm</strong></span> <span class='ocrx_word' id='word_1_28' title='bbox 862 934 1000 1010; x_wconf 87' lang='lat' dir='ltr'><strong>natura</strong></span> <span class='ocrx_word' id='word_1_29' title='bbox 1025 931 1251 1031; x_wconf 83' lang='lat' dir='ltr'><strong>investigavi</strong></span> <span class='ocrx_word' id='word_1_30' title='bbox 1275 929 1415 1030; x_wconf 87' lang='lat' dir='ltr'><strong>possit</strong></span> 
     </span>
    </p>
   </div>
   <div class='ocr_carea' id='block_1_4' title="bbox 766 1145 1604 1260">
    <p class='ocr_par' dir='ltr' id='par_1_4' title="bbox 766 1145 1604 1260">
     <span class='ocr_line' id='line_1_5' title="bbox 766 1145 1604 1260; baseline -0.008 -22"><span class='ocrx_word' id='word_1_31' title='bbox 766 1181 794 1238; x_wconf 79' lang='grc' dir='ltr'><strong>ι.</strong></span> <span class='ocrx_word' id='word_1_32' title='bbox 830 1145 1604 1260; x_wconf 57' lang='lat' dir='ltr'><strong>llorbicxpevvemasauguinislrc&#39;rmvdirvtluueorti.x</strong></span> 
     </span>
    </p>
   </div>
   <div class='ocr_carea' id='block_1_5' title="bbox 379 1296 2196 1416">
    <p class='ocr_par' dir='ltr' id='par_1_5' title="bbox 379 1296 2196 1416">
     <span class='ocr_line' id='line_1_6' title="bbox 379 1296 2196 1416; baseline -0.01 -25"><span class='ocrx_word' id='word_1_33' title='bbox 379 1318 601 1407; x_wconf 83' lang='lat' dir='ltr'><strong>Proximum</strong></span> <span class='ocrx_word' id='word_1_34' title='bbox 629 1317 701 1407; x_wconf 83' lang='lat' dir='ltr'><strong>est,</strong></span> <span class='ocrx_word' id='word_1_35' title='bbox 728 1315 771 1384; x_wconf 89' lang='lat' dir='ltr'><strong>nt</strong></span> <span class='ocrx_word' id='word_1_36' title='bbox 785 1311 964 1410; x_wconf 87' lang='lat' dir='ltr'><strong>sanguis,</strong></span> <span class='ocrx_word' id='word_1_37' title='bbox 992 1309 1032 1381; x_wconf 94' lang='lat' dir='ltr'><strong>in</strong></span> <span class='ocrx_word' id='word_1_38' title='bbox 1058 1330 1171 1409; x_wconf 88' lang='lat' dir='ltr'><strong>quem</strong></span> <span class='ocrx_word' id='word_1_39' title='bbox 1197 1305 1385 1416; x_wconf 90' lang='lat' dir='ltr'><strong>perpetuo</strong></span> <span class='ocrx_word' id='word_1_40' title='bbox 1413 1305 1517 1379; x_wconf 88' lang='lat' dir='ltr'><strong>succi</strong></span> <span class='ocrx_word' id='word_1_41' title='bbox 1544 1327 1624 1377; x_wconf 93' lang='lat' dir='ltr'><strong>non</strong></span> <span class='ocrx_word' id='word_1_42' title='bbox 1651 1304 1747 1377; x_wconf 90' lang='lat' dir='ltr'><strong>satis</strong></span> <span class='ocrx_word' id='word_1_43' title='bbox 1780 1296 1980 1379; x_wconf 86' lang='lat' dir='ltr'><strong>assimilati</strong></span> <span class='ocrx_word' id='word_1_44' title='bbox 2005 1303 2063 1376; x_wconf 88' lang='lat' dir='ltr'><strong>in·</strong></span> <span class='ocrx_word' id='word_1_45' title='bbox 2194 1303 2196 1307; x_wconf 73' lang='grc'>’</span> 
     </span>
    </p>
   </div>
   <div class='ocr_carea' id='block_1_6' title="bbox 196 1425 2165 3281">
    <p class='ocr_par' dir='ltr' id='par_1_6' title="bbox 239 1425 2165 2163">
     <span class='ocr_line' id='line_1_7' title="bbox 245 1425 2063 1538; baseline -0.011 -20"><span class='ocrx_word' id='word_1_46' title='bbox 245 1439 474 1536; x_wconf 80' lang='lat' dir='ltr'><strong>funduntur,</strong></span> <span class='ocrx_word' id='word_1_47' title='bbox 508 1442 593 1538; x_wconf 89' lang='lat' dir='ltr'><strong>ipse</strong></span> <span class='ocrx_word' id='word_1_48' title='bbox 621 1438 796 1538; x_wconf 87' lang='lat' dir='ltr'><strong>aegrotet</strong></span> <span class='ocrx_word' id='word_1_49' title='bbox 821 1428 1089 1535; x_wconf 70' lang='lat' dir='ltr'><strong>nutriendique</strong></span> <span class='ocrx_word' id='word_1_50' title='bbox 1116 1428 1335 1506; x_wconf 76' lang='lat' dir='ltr'><strong>facultatem</strong></span> <span class='ocrx_word' id='word_1_51' title='bbox 1367 1431 1531 1526; x_wconf 87' lang='lat' dir='ltr'><strong>amittat;</strong></span> <span class='ocrx_word' id='word_1_52' title='bbox 1571 1430 1628 1502; x_wconf 90' lang='lat' dir='ltr'><strong>sic</strong></span> <span class='ocrx_word' id='word_1_53' title='bbox 1659 1425 1885 1502; x_wconf 77' lang='lat' dir='ltr'><strong>naturaliter</strong></span> <span class='ocrx_word' id='word_1_54' title='bbox 1912 1450 2063 1526; x_wconf 88' lang='lat' dir='ltr'><strong>semper</strong></span> 
     </span>
     <span class='ocr_line' id='line_1_8' title="bbox 247 1548 2063 1673; baseline -0.01 -28"><span class='ocrx_word' id='word_1_55' title='bbox 247 1561 474 1673; x_wconf 89' lang='lat' dir='ltr'><strong>quibusdam</strong></span> <span class='ocrx_word' id='word_1_56' title='bbox 509 1555 799 1648; x_wconf 80' lang='lat' dir='ltr'><strong>decedentibus,</strong></span> <span class='ocrx_word' id='word_1_57' title='bbox 832 1555 948 1633; x_wconf 90' lang='lat' dir='ltr'><strong>nullis</strong></span> <span class='ocrx_word' id='word_1_58' title='bbox 974 1573 1067 1634; x_wconf 85' lang='lat' dir='ltr'><strong>vero</strong></span> <span class='ocrx_word' id='word_1_59' title='bbox 1095 1559 1136 1630; x_wconf 93' lang='lat' dir='ltr'><strong>in</strong></span> <span class='ocrx_word' id='word_1_60' title='bbox 1162 1581 1294 1633; x_wconf 87' lang='lat' dir='ltr'><strong>eorum</strong></span> <span class='ocrx_word' id='word_1_61' title='bbox 1320 1553 1446 1631; x_wconf 91' lang='lat' dir='ltr'><strong>locum</strong></span> <span class='ocrx_word' id='word_1_62' title='bbox 1474 1548 1727 1629; x_wconf 79' lang='lat' dir='ltr'><strong>subeuntibus</strong></span> <span class='ocrx_word' id='word_1_63' title='bbox 1753 1554 1894 1626; x_wconf 87' lang='lat' dir='ltr'><strong>macies</strong></span> <span class='ocrx_word' id='word_1_64' title='bbox 1926 1552 2063 1647; x_wconf 84' lang='lat' dir='ltr'><strong>oritur,</strong></span> 
     </span>
     <span class='ocr_line' id='line_1_9' title="bbox 249 1676 2064 1805; baseline -0.006 -41"><span class='ocrx_word' id='word_1_65' title='bbox 249 1714 361 1805; x_wconf 76' lang='lat' dir='ltr'><strong>quam</strong></span> <span class='ocrx_word' id='word_1_66' title='bbox 388 1714 433 1764; x_wconf 89' lang='lat' dir='ltr'><strong>eo</strong></span> <span class='ocrx_word' id='word_1_67' title='bbox 461 1690 585 1788; x_wconf 90' lang='lat' dir='ltr'><strong>magis</strong></span> <span class='ocrx_word' id='word_1_68' title='bbox 611 1683 734 1760; x_wconf 82' lang='lat' dir='ltr'><strong>nvalus</strong></span> <span class='ocrx_word' id='word_1_69' title='bbox 762 1687 937 1786; x_wconf 88' lang='lat' dir='ltr'><strong>corporis</strong></span> <span class='ocrx_word' id='word_1_70' title='bbox 963 1678 1117 1758; x_wconf 90' lang='lat' dir='ltr'><strong>habitus</strong></span> <span class='ocrx_word' id='word_1_71' title='bbox 1145 1683 1335 1785; x_wconf 84' lang='lat' dir='ltr'><strong>sequitur,</strong></span> <span class='ocrx_word' id='word_1_72' title='bbox 1363 1703 1440 1784; x_wconf 87' lang='lat' dir='ltr'><strong>quo</strong></span> <span class='ocrx_word' id='word_1_73' title='bbox 1467 1681 1591 1780; x_wconf 89' lang='lat' dir='ltr'><strong>magis</strong></span> <span class='ocrx_word' id='word_1_74' title='bbox 1617 1676 1737 1754; x_wconf 88' lang='lat' dir='ltr'><strong>cruda</strong></span> <span class='ocrx_word' id='word_1_75' title='bbox 1763 1679 1923 1753; x_wconf 81' lang='lat' dir='ltr'><strong>materia</strong></span> <span class='ocrx_word' id='word_1_76' title='bbox 1949 1699 2064 1776; x_wconf 80' lang='lat' dir='ltr'><strong>supe·</strong></span> 
     </span>
     <span class='ocr_line' id='line_1_10' title="bbox 239 1798 2165 1935; baseline -0.007 -47"><span class='ocrx_word' id='word_1_77' title='bbox 239 1834 339 1889; x_wconf 80' lang='lat' dir='ltr'><strong>‘runs</strong></span> <span class='ocrx_word' id='word_1_78' title='bbox 371 1815 410 1885; x_wconf 85' lang='lat' dir='ltr'><strong>in</strong></span> <span class='ocrx_word' id='word_1_79' title='bbox 444 1814 727 1911; x_wconf 91' lang='lat' dir='ltr'><strong>corruptionem</strong></span> <span class='ocrx_word' id='word_1_80' title='bbox 760 1806 919 1883; x_wconf 83' lang='lat' dir='ltr'><strong>inclinat</strong></span> <span class='ocrx_word' id='word_1_81' title='bbox 952 1832 1075 1910; x_wconf 88' lang='lat' dir='ltr'><strong>neque</strong></span> <span class='ocrx_word' id='word_1_82' title='bbox 1107 1833 1131 1880; x_wconf 89' lang='lat' dir='ltr'><strong>a</strong></span> <span class='ocrx_word' id='word_1_83' title='bbox 1164 1808 1339 1908; x_wconf 90' lang='lat' dir='ltr'><strong>corporis</strong></span> <span class='ocrx_word' id='word_1_84' title='bbox 1373 1798 1519 1879; x_wconf 86' lang='lat' dir='ltr'><strong>viribus</strong></span> <span class='ocrx_word' id='word_1_85' title='bbox 1550 1805 1650 1879; x_wconf 85' lang='lat' dir='ltr'><strong>vinci</strong></span> <span class='ocrx_word' id='word_1_86' title='bbox 1681 1805 1823 1935; x_wconf 87' lang='lat' dir='ltr'><strong>potest.</strong></span> <span class='ocrx_word' id='word_1_87' title='bbox 1883 1800 2062 1893; x_wconf 70' lang='lat' dir='ltr'><strong>Quaem</strong></span> <span class='ocrx_word' id='word_1_88' title='bbox 2157 1866 2165 1874; x_wconf 89' lang='lat'><strong>.</strong></span> 
     </span>
     <span class='ocr_line' id='line_1_11' title="bbox 248 1922 2134 2039; baseline -0.005 -28"><span class='ocrx_word' id='word_1_89' title='bbox 248 1942 290 2013; x_wconf 89' lang='grc' dir='ltr'><strong>ιο</strong></span> <span class='ocrx_word' id='word_1_90' title='bbox 315 1938 395 2011; x_wconf 91' lang='lat' dir='ltr'><strong>in</strong></span> <span class='ocrx_word' id='word_1_91' title='bbox 382 1940 477 2039; x_wconf 87' lang='lat' dir='ltr'><strong>rpsis</strong></span> <span class='ocrx_word' id='word_1_92' title='bbox 503 1936 628 2028; x_wconf 87' lang='lat' dir='ltr'><strong>venis,</strong></span> <span class='ocrx_word' id='word_1_93' title='bbox 657 1929 796 2037; x_wconf 86' lang='lat' dir='ltr'><strong>qn&#39;ihns</strong></span> <span class='ocrx_word' id='word_1_94' title='bbox 824 1935 930 2008; x_wconf 89' lang='lat' dir='ltr'><strong>succi</strong></span> <span class='ocrx_word' id='word_1_95' title='bbox 956 1930 1009 2006; x_wconf 90' lang='lat' dir='ltr'><strong>illi</strong></span> <span class='ocrx_word' id='word_1_96' title='bbox 1039 1928 1146 2006; x_wconf 88' lang='lat' dir='ltr'><strong>crudi</strong></span> <span class='ocrx_word' id='word_1_97' title='bbox 1173 1933 1317 2032; x_wconf 77' lang='lat' dir='ltr'><strong>ingesti</strong></span> <span class='ocrx_word' id='word_1_98' title='bbox 1344 1930 1452 2026; x_wconf 86' lang='lat' dir='ltr'><strong>sunt,</strong></span> <span class='ocrx_word' id='word_1_99' title='bbox 1478 1929 1663 2028; x_wconf 88' lang='lat' dir='ltr'><strong>imprimis</strong></span> <span class='ocrx_word' id='word_1_100' title='bbox 1684 1922 1730 2002; x_wconf 81' lang='lat' dir='ltr'><strong>&#39;in</strong></span> <span class='ocrx_word' id='word_1_101' title='bbox 1756 1928 2062 2027; x_wconf 76' lang='lat' dir='ltr'><strong>vcnaportarnm</strong></span> <span class='ocrx_word' id='word_1_102' title='bbox 2131 1962 2134 1967; x_wconf 16' lang='grc' dir='ltr'><strong>Α</strong></span> 
     </span>
     <span class='ocr_line' id='line_1_12' title="bbox 245 2055 1045 2177; baseline -0.008 -40"><span class='ocrx_word' id='word_1_103' title='bbox 245 2064 444 2177; x_wconf 75' lang='lat' dir='ltr'><strong>sangoinis</strong></span> <span class='ocrx_word' id='word_1_104' title='bbox 471 2062 598 2135; x_wconf 90' lang='lat' dir='ltr'><strong>motus</strong></span> <span class='ocrx_word' id='word_1_105' title='bbox 625 2056 828 2157; x_wconf 90' lang='lat' dir='ltr'><strong>impeditus</strong></span> <span class='ocrx_word' id='word_1_106' title='bbox 856 2055 1045 2132; x_wconf 82' lang='lat' dir='ltr'><strong>cohaeret.</strong></span> 
     </span>
    </p>

    <p class='ocr_par' dir='ltr' id='par_1_7' title="bbox 196 2148 2136 3281">
     <span class='ocr_line' id='line_1_13' title="bbox 261 2148 2062 2284; baseline -0.006 -21"><span class='ocrx_word' id='word_1_107' title='bbox 261 2215 264 2219; x_wconf 75' lang='grc'>’</span> <span class='ocrx_word' id='word_1_108' title='bbox 379 2148 461 2262; x_wconf 85' lang='lat' dir='ltr'><strong>Sed</strong></span> <span class='ocrx_word' id='word_1_109' title='bbox 488 2187 614 2258; x_wconf 91' lang='lat' dir='ltr'><strong>tamen</strong></span> <span class='ocrx_word' id='word_1_110' title='bbox 648 2181 721 2258; x_wconf 93' lang='lat' dir='ltr'><strong>hoc</strong></span> <span class='ocrx_word' id='word_1_111' title='bbox 753 2180 840 2257; x_wconf 87' lang='lat' dir='ltr'><strong>loco</strong></span> <span class='ocrx_word' id='word_1_112' title='bbox 874 2206 972 2276; x_wconf 91' lang='lat' dir='ltr'><strong>rem,</strong></span> <span class='ocrx_word' id='word_1_113' title='bbox 1014 2205 1127 2284; x_wconf 86' lang='lat' dir='ltr'><strong>qnam</strong></span> <span class='ocrx_word' id='word_1_114' title='bbox 1152 2177 1289 2256; x_wconf 89' lang='lat' dir='ltr'><strong>alias</strong></span> <span class='ocrx_word' id='word_1_115' title='bbox 1269 2204 1353 2284; x_wconf 72' lang='lat' dir='ltr'><strong>qam</strong></span> <span class='ocrx_word' id='word_1_116' title='bbox 1379 2175 1554 2274; x_wconf 90' lang='lat' dir='ltr'><strong>indicavi,</strong></span> <span class='ocrx_word' id='word_1_117' title='bbox 1581 2201 1770 2281; x_wconf 91' lang='lat' dir='ltr'><strong>quamque</strong></span> <span class='ocrx_word' id='word_1_118' title='bbox 1797 2176 2062 2277; x_wconf 84' lang='lat' dir='ltr'><strong>inposterum</strong></span> 
     </span>
     <span class='ocr_line' id='line_1_14' title="bbox 243 2298 2060 2411; baseline -0.006 -26"><span class='ocrx_word' id='word_1_119' title='bbox 243 2303 717 2411; x_wconf 84' lang='lat' dir='ltr'><strong>uberinsperlustraturus</strong></span> <span class='ocrx_word' id='word_1_120' title='bbox 736 2302 833 2403; x_wconf 83' lang='lat' dir='ltr'><strong>sum,</strong></span> <span class='ocrx_word' id='word_1_121' title='bbox 860 2333 945 2381; x_wconf 91' lang='lat' dir='ltr'><strong>cnm</strong></span> <span class='ocrx_word' id='word_1_122' title='bbox 973 2309 1023 2382; x_wconf 87' lang='lat' dir='ltr'><strong>sit</strong></span> <span class='ocrx_word' id='word_1_123' title='bbox 1049 2305 1413 2400; x_wconf 86' lang='lat' dir='ltr'><strong>maximimomenti,</strong></span> <span class='ocrx_word' id='word_1_124' title='bbox 1442 2300 1680 2378; x_wconf 91' lang='lat' dir='ltr'><strong>solummodo</strong></span> <span class='ocrx_word' id='word_1_125' title='bbox 1693 2304 1870 2405; x_wconf 85' lang='lat' dir='ltr'><strong>tetigisse</strong></span> <span class='ocrx_word' id='word_1_126' title='bbox 1884 2298 2060 2378; x_wconf 82' lang='lat' dir='ltr'><strong>sufficiet.</strong></span> 
     </span>
     <span class='ocr_line' id='line_1_15' title="bbox 245 2423 2061 2535; baseline -0.003 -27"><span class='ocrx_word' id='word_1_127' title='bbox 245 2432 457 2534; x_wconf 78' lang='lat' dir='ltr'><strong>Sanguinis</strong></span> <span class='ocrx_word' id='word_1_128' title='bbox 486 2429 637 2535; x_wconf 88' lang='lat' dir='ltr'><strong>quidem</strong></span> <span class='ocrx_word' id='word_1_129' title='bbox 664 2438 790 2505; x_wconf 90' lang='lat' dir='ltr'><strong>motus</strong></span> <span class='ocrx_word' id='word_1_130' title='bbox 818 2430 983 2509; x_wconf 84' lang='lat' dir='ltr'><strong>efficitur</strong></span> <span class='ocrx_word' id='word_1_131' title='bbox 1014 2434 1215 2531; x_wconf 90' lang='lat' dir='ltr'><strong>reciproca</strong></span> <span class='ocrx_word' id='word_1_132' title='bbox 1246 2430 1351 2507; x_wconf 85' lang='lat' dir='ltr'><strong>vitali</strong></span> <span class='ocrx_word' id='word_1_133' title='bbox 1378 2430 1608 2504; x_wconf 78' lang='lat' dir='ltr'><strong>attractione</strong></span> <span class='ocrx_word' id='word_1_134' title='bbox 1622 2429 1662 2503; x_wconf 87' lang='lat' dir='ltr'><strong>et</strong></span> <span class='ocrx_word' id='word_1_135' title='bbox 1678 2426 1912 2528; x_wconf 86' lang='lat' dir='ltr'><strong>repulsione,</strong></span> <span class='ocrx_word' id='word_1_136' title='bbox 1939 2423 2061 2532; x_wconf 73' lang='lat' dir='ltr'><strong>(quas</strong></span> 
     </span>
     <span class='ocr_line' id='line_1_16' title="bbox 242 2547 2061 2658; baseline -0.002 -28"><span class='ocrx_word' id='word_1_137' title='bbox 242 2554 515 2631; x_wconf 89' lang='lat' dir='ltr'><strong>antodiacrisin</strong></span> <span class='ocrx_word' id='word_1_138' title='bbox 554 2555 594 2630; x_wconf 88' lang='lat' dir='ltr'><strong>at</strong></span> <span class='ocrx_word' id='word_1_139' title='bbox 629 2557 912 2658; x_wconf 74' lang='lat' dir='ltr'><strong>antosyncrisin</strong></span> <span class='ocrx_word' id='word_1_140' title='bbox 955 2554 1252 2655; x_wconf 84' lang='lat' dir='ltr'><strong>nominaverim)</strong></span> <span class='ocrx_word' id='word_1_141' title='bbox 1290 2555 1491 2655; x_wconf 89' lang='lat' dir='ltr'><strong>sanguinis</strong></span> <span class='ocrx_word' id='word_1_142' title='bbox 1534 2578 1790 2655; x_wconf 86' lang='lat' dir='ltr'><strong>vasorumque</strong></span> <span class='ocrx_word' id='word_1_143' title='bbox 1830 2547 2061 2655; x_wconf 83' lang='lat' dir='ltr'><strong>amplecten-</strong></span> 
     </span>
     <span class='ocr_line' id='line_1_17' title="bbox 243 2677 2061 2784; baseline 0 -31"><span class='ocrx_word' id='word_1_144' title='bbox 243 2684 348 2755; x_wconf 86' lang='lat' dir='ltr'><strong>tium.</strong></span> <span class='ocrx_word' id='word_1_145' title='bbox 405 2678 524 2771; x_wconf 74' lang='lat' dir='ltr'><strong>Quod</strong></span> <span class='ocrx_word' id='word_1_146' title='bbox 552 2682 592 2753; x_wconf 93' lang='lat' dir='ltr'><strong>in</strong></span> <span class='ocrx_word' id='word_1_147' title='bbox 620 2681 825 2783; x_wconf 77' lang='lat' dir='ltr'><strong>systemate</strong></span> <span class='ocrx_word' id='word_1_148' title='bbox 857 2679 1099 2781; x_wconf 88' lang='lat' dir='ltr'><strong>peripherico</strong></span> <span class='ocrx_word' id='word_1_149' title='bbox 1126 2681 1332 2782; x_wconf 89' lang='lat' dir='ltr'><strong>praecipue</strong></span> <span class='ocrx_word' id='word_1_150' title='bbox 1359 2677 1419 2775; x_wconf 82' lang='lat' dir='ltr'><strong>fit,</strong></span> <span class='ocrx_word' id='word_1_151' title='bbox 1450 2703 1476 2756; x_wconf 83' lang='lat' dir='ltr'><strong>a</strong></span> <span class='ocrx_word' id='word_1_152' title='bbox 1503 2704 1580 2784; x_wconf 90' lang='lat' dir='ltr'><strong>quo</strong></span> <span class='ocrx_word' id='word_1_153' title='bbox 1614 2681 1774 2780; x_wconf 81' lang='lat' dir='ltr'><strong>sangnis</strong></span> <span class='ocrx_word' id='word_1_154' title='bbox 1806 2680 1848 2753; x_wconf 91' lang='lat' dir='ltr'><strong>in</strong></span> <span class='ocrx_word' id='word_1_155' title='bbox 1879 2700 2061 2754; x_wconf 83' lang='lat' dir='ltr'><strong>venarum</strong></span> 
     </span>
     <span class='ocr_line' id='line_1_18' title="bbox 242 2801 2062 2909; baseline -0.002 -30"><span class='ocrx_word' id='word_1_156' title='bbox 242 2807 400 2879; x_wconf 89' lang='lat' dir='ltr'><strong>truncos</strong></span> <span class='ocrx_word' id='word_1_157' title='bbox 443 2801 611 2905; x_wconf 87' lang='lat' dir='ltr'><strong>pellitur.</strong></span> <span class='ocrx_word' id='word_1_158' title='bbox 678 2805 871 2909; x_wconf 81' lang='lat' dir='ltr'><strong>Exposcit</strong></span> <span class='ocrx_word' id='word_1_159' title='bbox 913 2809 1033 2906; x_wconf 83' lang='lat' dir='ltr'><strong>igitur</strong></span> <span class='ocrx_word' id='word_1_160' title='bbox 1071 2803 1132 2880; x_wconf 94' lang='lat' dir='ltr'><strong>hic</strong></span> <span class='ocrx_word' id='word_1_161' title='bbox 1165 2811 1308 2902; x_wconf 87' lang='lat' dir='ltr'><strong>motus,</strong></span> <span class='ocrx_word' id='word_1_162' title='bbox 1352 2805 1397 2880; x_wconf 91' lang='lat' dir='ltr'><strong>ut</strong></span> <span class='ocrx_word' id='word_1_163' title='bbox 1435 2827 1555 2880; x_wconf 85' lang='lat' dir='ltr'><strong>sanus</strong></span> <span class='ocrx_word' id='word_1_164' title='bbox 1594 2805 1662 2899; x_wconf 88' lang='lat' dir='ltr'><strong>sit,</strong></span> <span class='ocrx_word' id='word_1_165' title='bbox 1701 2828 1832 2879; x_wconf 87' lang='lat' dir='ltr'><strong>sanam</strong></span> <span class='ocrx_word' id='word_1_166' title='bbox 1869 2806 1982 2879; x_wconf 79' lang='lat' dir='ltr'><strong>etiem</strong></span> <span class='ocrx_word' id='word_1_167' title='bbox 2021 2802 2062 2880; x_wconf 91' lang='grc' dir='ltr'><strong>οι</strong></span> 
     </span>
     <span class='ocr_line' id='line_1_19' title="bbox 243 2927 2136 3031; baseline 0 -28"><span class='ocrx_word' id='word_1_168' title='bbox 243 2930 444 3029; x_wconf 86' lang='lat' dir='ltr'><strong>sangoinis</strong></span> <span class='ocrx_word' id='word_1_169' title='bbox 473 2931 513 3004; x_wconf 88' lang='lat' dir='ltr'><strong>et</strong></span> <span class='ocrx_word' id='word_1_170' title='bbox 539 2954 717 3005; x_wconf 88' lang='lat' dir='ltr'><strong>vasorum</strong></span> <span class='ocrx_word' id='word_1_171' title='bbox 749 2932 876 3005; x_wconf 89' lang='lat' dir='ltr'><strong>vitam.</strong></span> <span class='ocrx_word' id='word_1_172' title='bbox 933 2932 1030 3004; x_wconf 80' lang='lat' dir='ltr'><strong>Cum</strong></span> <span class='ocrx_word' id='word_1_173' title='bbox 1062 2955 1154 3004; x_wconf 90' lang='lat' dir='ltr'><strong>vero</strong></span> <span class='ocrx_word' id='word_1_174' title='bbox 1188 2933 1348 3031; x_wconf 90' lang='lat' dir='ltr'><strong>sanguis</strong></span> <span class='ocrx_word' id='word_1_175' title='bbox 1394 2931 1588 3030; x_wconf 84' lang='lat' dir='ltr'><strong>aegrotat,</strong></span> <span class='ocrx_word' id='word_1_176' title='bbox 1630 2927 1754 3004; x_wconf 88' lang='lat' dir='ltr'><strong>altera</strong></span> <span class='ocrx_word' id='word_1_177' title='bbox 1791 2954 1881 3029; x_wconf 88' lang='lat' dir='ltr'><strong>pars</strong></span> <span class='ocrx_word' id='word_1_178' title='bbox 1919 2951 2061 3003; x_wconf 85' lang='lat' dir='ltr'><strong>causae</strong></span> <span class='ocrx_word' id='word_1_179' title='bbox 2135 2929 2136 2932; x_wconf 66' lang='grc'>’</span> 
     </span>
     <span class='ocr_line' id='line_1_20' title="bbox 241 3050 2060 3158; baseline -0.001 -30"><span class='ocrx_word' id='word_1_180' title='bbox 241 3050 362 3149; x_wconf 89' lang='lat' dir='ltr'><strong>illins,</strong></span> <span class='ocrx_word' id='word_1_181' title='bbox 397 3079 473 3157; x_wconf 88' lang='lat' dir='ltr'><strong>qna</strong></span> <span class='ocrx_word' id='word_1_182' title='bbox 500 3058 659 3157; x_wconf 86' lang='lat' dir='ltr'><strong>sanguis</strong></span> <span class='ocrx_word' id='word_1_183' title='bbox 686 3053 895 3129; x_wconf 91' lang='lat' dir='ltr'><strong>movendus</strong></span> <span class='ocrx_word' id='word_1_184' title='bbox 923 3056 1001 3148; x_wconf 88' lang='lat' dir='ltr'><strong>est,</strong></span> <span class='ocrx_word' id='word_1_185' title='bbox 1043 3052 1171 3129; x_wconf 86' lang='lat' dir='ltr'><strong>delicit</strong></span> <span class='ocrx_word' id='word_1_186' title='bbox 1197 3053 1257 3129; x_wconf 88' lang='lat' dir='ltr'><strong>vel</strong></span> <span class='ocrx_word' id='word_1_187' title='bbox 1283 3055 1480 3130; x_wconf 86' lang='lat' dir='ltr'><strong>imminuta</strong></span> <span class='ocrx_word' id='word_1_188' title='bbox 1506 3055 1583 3148; x_wconf 89' lang='lat' dir='ltr'><strong>est,</strong></span> <span class='ocrx_word' id='word_1_189' title='bbox 1626 3057 1808 3158; x_wconf 85' lang='lat' dir='ltr'><strong>quocirca</strong></span> <span class='ocrx_word' id='word_1_190' title='bbox 1834 3051 2060 3135; x_wconf 72' lang='lat' dir='ltr'><strong>naturaliter</strong></span> 
     </span>
     <span class='ocr_line' id='line_1_21' title="bbox 196 3177 2061 3281; baseline 0.005 -36"><span class='ocrx_word' id='word_1_191' title='bbox 196 3241 199 3245; x_wconf 83' lang='grc'><em>.</em></span> <span class='ocrx_word' id='word_1_192' title='bbox 242 3181 429 3279; x_wconf 83' lang='lat' dir='ltr'><strong>sequitur,</strong></span> <span class='ocrx_word' id='word_1_193' title='bbox 465 3181 508 3254; x_wconf 92' lang='lat' dir='ltr'><strong>ut</strong></span> <span class='ocrx_word' id='word_1_194' title='bbox 540 3184 666 3253; x_wconf 88' lang='lat' dir='ltr'><strong>motus</strong></span> <span class='ocrx_word' id='word_1_195' title='bbox 701 3181 900 3280; x_wconf 86' lang='lat' dir='ltr'><strong>sanguinis</strong></span> <span class='ocrx_word' id='word_1_196' title='bbox 929 3180 1041 3253; x_wconf 88' lang='lat' dir='ltr'><strong>etiam</strong></span> <span class='ocrx_word' id='word_1_197' title='bbox 1068 3180 1285 3281; x_wconf 84' lang='lat' dir='ltr'><strong>imminutus</strong></span> <span class='ocrx_word' id='word_1_198' title='bbox 1319 3184 1357 3253; x_wconf 92' lang='lat' dir='ltr'><strong>et</strong></span> <span class='ocrx_word' id='word_1_199' title='bbox 1384 3177 1585 3280; x_wconf 89' lang='lat' dir='ltr'><strong>impeditus</strong></span> <span class='ocrx_word' id='word_1_200' title='bbox 1623 3180 1686 3254; x_wconf 80' lang='lat' dir='ltr'><strong>sil.</strong></span> <span class='ocrx_word' id='word_1_201' title='bbox 1743 3181 1869 3280; x_wconf 83' lang='lat' dir='ltr'><strong>Igitur</strong></span> <span class='ocrx_word' id='word_1_202' title='bbox 1894 3203 1967 3280; x_wconf 87' lang='lat' dir='ltr'><strong>per</strong></span> <span class='ocrx_word' id='word_1_203' title='bbox 1997 3204 2061 3254; x_wconf 91' lang='lat' dir='ltr'><strong>so·</strong></span> 
     </span>
    </p>
   </div>
   <div class='ocr_carea' id='block_1_7' title="bbox 241 3295 2183 3409">
    <p class='ocr_par' dir='ltr' id='par_1_8' title="bbox 241 3295 2183 3409">
     <span class='ocr_line' id='line_1_22' title="bbox 241 3295 2183 3409; baseline 0.001 -32"><span class='ocrx_word' id='word_1_204' title='bbox 241 3298 316 3377; x_wconf 90' lang='lat' dir='ltr'><strong>lam</strong></span> <span class='ocrx_word' id='word_1_205' title='bbox 343 3295 562 3378; x_wconf 89' lang='lat' dir='ltr'><strong>morbosam</strong></span> <span class='ocrx_word' id='word_1_206' title='bbox 590 3306 790 3403; x_wconf 89' lang='lat' dir='ltr'><strong>sanguinis</strong></span> <span class='ocrx_word' id='word_1_207' title='bbox 818 3327 937 3378; x_wconf 87' lang='lat' dir='ltr'><strong>venne</strong></span> <span class='ocrx_word' id='word_1_208' title='bbox 964 3309 1160 3403; x_wconf 88' lang='lat' dir='ltr'><strong>portarum</strong></span> <span class='ocrx_word' id='word_1_209' title='bbox 1187 3302 1355 3380; x_wconf 90' lang='lat' dir='ltr'><strong>indolem</strong></span> <span class='ocrx_word' id='word_1_210' title='bbox 1383 3303 1541 3409; x_wconf 88' lang='lat' dir='ltr'><strong>ejusque</strong></span> <span class='ocrx_word' id='word_1_211' title='bbox 1569 3301 1745 3380; x_wconf 78' lang='lat' dir='ltr'><strong>effectum</strong></span> <span class='ocrx_word' id='word_1_212' title='bbox 1763 3303 1966 3387; x_wconf 83' lang='lat' dir='ltr'><strong>haesitatio</strong></span> <span class='ocrx_word' id='word_1_213' title='bbox 1992 3301 2059 3378; x_wconf 83' lang='lat' dir='ltr'><strong>illa</strong></span> <span class='ocrx_word' id='word_1_214' title='bbox 2180 3298 2183 3303; x_wconf 59' lang='grc'>’</span> 
     </span>
    </p>
   </div>
   <div class='ocr_carea' id='block_1_8' title="bbox 165 3426 2095 5157">
    <p class='ocr_par' dir='ltr' id='par_1_9' title="bbox 242 3426 1948 3533">
     <span class='ocr_line' id='line_1_23' title="bbox 242 3426 1948 3533; baseline 0.001 -33"><span class='ocrx_word' id='word_1_215' title='bbox 242 3432 354 3528; x_wconf 77' lang='lat' dir='ltr'><strong>atque</strong></span> <span class='ocrx_word' id='word_1_216' title='bbox 381 3429 520 3502; x_wconf 90' lang='lat' dir='ltr'><strong>inertia</strong></span> <span class='ocrx_word' id='word_1_217' title='bbox 546 3433 672 3502; x_wconf 92' lang='lat' dir='ltr'><strong>motus</strong></span> <span class='ocrx_word' id='word_1_218' title='bbox 702 3428 841 3521; x_wconf 89' lang='lat' dir='ltr'><strong>oritur,</strong></span> <span class='ocrx_word' id='word_1_219' title='bbox 870 3453 965 3529; x_wconf 92' lang='lat' dir='ltr'><strong>qnae</strong></span> <span class='ocrx_word' id='word_1_220' title='bbox 992 3426 1305 3505; x_wconf 82' lang='lat' dir='ltr'><strong>haemorrhoides</strong></span> <span class='ocrx_word' id='word_1_221' title='bbox 1332 3429 1483 3533; x_wconf 88' lang='lat' dir='ltr'><strong>aliaque</strong></span> <span class='ocrx_word' id='word_1_222' title='bbox 1511 3427 1751 3504; x_wconf 90' lang='lat' dir='ltr'><strong>incommoda</strong></span> <span class='ocrx_word' id='word_1_223' title='bbox 1777 3436 1948 3504; x_wconf 78' lang='lat' dir='ltr'><strong>evocant.</strong></span> 
     </span>
    </p>

    <p class='ocr_par' dir='ltr' id='par_1_10' title="bbox 165 3545 2095 4910">
     <span class='ocr_line' id='line_1_24' title="bbox 372 3545 2058 3656; baseline 0.002 -31"><span class='ocrx_word' id='word_1_224' title='bbox 372 3553 417 3625; x_wconf 94' lang='lat' dir='ltr'><strong>ln</strong></span> <span class='ocrx_word' id='word_1_225' title='bbox 445 3550 517 3627; x_wconf 90' lang='lat' dir='ltr'><strong>hae</strong></span> <span class='ocrx_word' id='word_1_226' title='bbox 546 3555 672 3627; x_wconf 89' lang='lat' dir='ltr'><strong>autem</strong></span> <span class='ocrx_word' id='word_1_227' title='bbox 699 3554 827 3627; x_wconf 91' lang='lat' dir='ltr'><strong>motus</strong></span> <span class='ocrx_word' id='word_1_228' title='bbox 854 3554 1003 3648; x_wconf 89' lang='lat' dir='ltr'><strong>inertia,</strong></span> <span class='ocrx_word' id='word_1_229' title='bbox 1033 3579 1146 3654; x_wconf 91' lang='lat' dir='ltr'><strong>quam</strong></span> <span class='ocrx_word' id='word_1_230' title='bbox 1174 3557 1335 3656; x_wconf 86' lang='lat' dir='ltr'><strong>sanguis</strong></span> <span class='ocrx_word' id='word_1_231' title='bbox 1362 3559 1401 3630; x_wconf 90' lang='lat' dir='ltr'><strong>in</strong></span> <span class='ocrx_word' id='word_1_232' title='bbox 1428 3580 1525 3630; x_wconf 88' lang='lat' dir='ltr'><strong>veua</strong></span> <span class='ocrx_word' id='word_1_233' title='bbox 1552 3557 1749 3654; x_wconf 89' lang='lat' dir='ltr'><strong>portarum</strong></span> <span class='ocrx_word' id='word_1_234' title='bbox 1776 3549 1897 3650; x_wconf 86' lang='lat' dir='ltr'><strong>subit,</strong></span> <span class='ocrx_word' id='word_1_235' title='bbox 1926 3545 2058 3629; x_wconf 90' lang='lat' dir='ltr'><strong>obser-</strong></span> 
     </span>
     <span class='ocr_line' id='line_1_25' title="bbox 238 3666 2056 3783; baseline 0.002 -34"><span class='ocrx_word' id='word_1_236' title='bbox 238 3700 328 3750; x_wconf 85' lang='lat' dir='ltr'><strong>vare</strong></span> <span class='ocrx_word' id='word_1_237' title='bbox 367 3673 561 3777; x_wconf 88' lang='lat' dir='ltr'><strong>expediet,</strong></span> <span class='ocrx_word' id='word_1_238' title='bbox 604 3703 715 3753; x_wconf 89' lang='lat' dir='ltr'><strong>omne</strong></span> <span class='ocrx_word' id='word_1_239' title='bbox 746 3666 1053 3776; x_wconf 88' lang='lat' dir='ltr'><strong>impedimentum</strong></span> <span class='ocrx_word' id='word_1_240' title='bbox 1087 3677 1345 3755; x_wconf 85' lang='lat' dir='ltr'><strong>mechanicum</strong></span> <span class='ocrx_word' id='word_1_241' title='bbox 1378 3674 1561 3783; x_wconf 87' lang='lat' dir='ltr'><strong>majorem</strong></span> <span class='ocrx_word' id='word_1_242' title='bbox 1588 3682 1628 3755; x_wconf 91' lang='lat' dir='ltr'><strong>in</strong></span> <span class='ocrx_word' id='word_1_243' title='bbox 1661 3677 1762 3755; x_wconf 91' lang='lat' dir='ltr'><strong>hunc</strong></span> <span class='ocrx_word' id='word_1_244' title='bbox 1794 3685 1937 3756; x_wconf 90' lang='lat' dir='ltr'><strong>motum</strong></span> <span class='ocrx_word' id='word_1_245' title='bbox 1968 3679 2056 3774; x_wconf 79' lang='lat' dir='ltr'><strong>vim,</strong></span> 
     </span>
     <span class='ocr_line' id='line_1_26' title="bbox 165 3796 2071 3907; baseline 0.005 -36"><span class='ocrx_word' id='word_1_246' title='bbox 165 3892 168 3897; x_wconf 19' lang='grc' dir='ltr'>Ι</span> <span class='ocrx_word' id='word_1_247' title='bbox 240 3823 354 3903; x_wconf 88' lang='lat' dir='ltr'><strong>qnam</strong></span> <span class='ocrx_word' id='word_1_248' title='bbox 387 3826 482 3875; x_wconf 89' lang='lat' dir='ltr'><strong>sana</strong></span> <span class='ocrx_word' id='word_1_249' title='bbox 521 3798 762 3897; x_wconf 87' lang='lat' dir='ltr'><strong>condicione,</strong></span> <span class='ocrx_word' id='word_1_250' title='bbox 803 3796 963 3896; x_wconf 86' lang='lat' dir='ltr'><strong>habere,</strong></span> <span class='ocrx_word' id='word_1_251' title='bbox 998 3800 1100 3906; x_wconf 91' lang='lat' dir='ltr'><strong>quod</strong></span> <span class='ocrx_word' id='word_1_252' title='bbox 1141 3802 1311 3880; x_wconf 89' lang='lat' dir='ltr'><strong>valvulae</strong></span> <span class='ocrx_word' id='word_1_253' title='bbox 1350 3807 1550 3907; x_wconf 87' lang='lat' dir='ltr'><strong>sangoinis</strong></span> <span class='ocrx_word' id='word_1_254' title='bbox 1591 3802 1802 3881; x_wconf 88' lang='lat' dir='ltr'><strong>columnam</strong></span> <span class='ocrx_word' id='word_1_255' title='bbox 1848 3801 2071 3892; x_wconf 70' lang='lat' dir='ltr'><strong>merten,</strong></span> 
     </span>
     <span class='ocr_line' id='line_1_27' title="bbox 192 3913 2056 4034; baseline 0.002 -36"><span class='ocrx_word' id='word_1_256' title='bbox 192 3994 199 4007; x_wconf 32' lang='grc' dir='ltr'><em>Ι</em></span> <span class='ocrx_word' id='word_1_257' title='bbox 238 3926 315 3998; x_wconf 85' lang='lat' dir='ltr'><strong>tem</strong></span> <span class='ocrx_word' id='word_1_258' title='bbox 347 3921 453 4000; x_wconf 89' lang='lat' dir='ltr'><strong>velut</strong></span> <span class='ocrx_word' id='word_1_259' title='bbox 484 3919 746 4002; x_wconf 77' lang='lat' dir='ltr'><strong>sntiulcicntes</strong></span> <span class='ocrx_word' id='word_1_260' title='bbox 780 3913 821 4000; x_wconf 79' lang='lat' dir='ltr'><strong>in&#39;</strong></span> <span class='ocrx_word' id='word_1_261' title='bbox 852 3951 949 4002; x_wconf 88' lang='lat' dir='ltr'><strong>vena</strong></span> <span class='ocrx_word' id='word_1_262' title='bbox 975 3933 1170 4033; x_wconf 85' lang='lat' dir='ltr'><strong>portarum</strong></span> <span class='ocrx_word' id='word_1_263' title='bbox 1197 3954 1277 4002; x_wconf 95' lang='lat' dir='ltr'><strong>non</strong></span> <span class='ocrx_word' id='word_1_264' title='bbox 1311 3926 1456 4034; x_wconf 75' lang='lat' dir='ltr'><strong>adsint,</strong></span> <span class='ocrx_word' id='word_1_265' title='bbox 1498 3933 1555 4005; x_wconf 88' lang='lat' dir='ltr'><strong>sic</strong></span> <span class='ocrx_word' id='word_1_266' title='bbox 1582 3931 1626 4005; x_wconf 92' lang='lat' dir='ltr'><strong>ut</strong></span> <span class='ocrx_word' id='word_1_267' title='bbox 1651 3932 1691 4004; x_wconf 95' lang='lat' dir='ltr'><strong>in</strong></span> <span class='ocrx_word' id='word_1_268' title='bbox 1718 3932 1765 4003; x_wconf 89' lang='lat' dir='ltr'><strong>iis</strong></span> <span class='ocrx_word' id='word_1_269' title='bbox 1791 3926 1962 4030; x_wconf 89' lang='lat' dir='ltr'><strong>periodis</strong></span> <span class='ocrx_word' id='word_1_270' title='bbox 1987 3929 2056 4002; x_wconf 88' lang='lat' dir='ltr'><strong>im·</strong></span> 
     </span>
     <span class='ocr_line' id='line_1_28' title="bbox 239 4040 2055 4156; baseline 0.006 -36"><span class='ocrx_word' id='word_1_271' title='bbox 239 4050 389 4149; x_wconf 90' lang='lat' dir='ltr'><strong>primis,</strong></span> <span class='ocrx_word' id='word_1_272' title='bbox 430 4043 498 4123; x_wconf 92' lang='lat' dir='ltr'><strong>ubi</strong></span> <span class='ocrx_word' id='word_1_273' title='bbox 530 4048 597 4125; x_wconf 87' lang='lat' dir='ltr'><strong>illu</strong></span> <span class='ocrx_word' id='word_1_274' title='bbox 627 4052 828 4126; x_wconf 86' lang='lat' dir='ltr'><strong>maximam</strong></span> <span class='ocrx_word' id='word_1_275' title='bbox 861 4058 1007 4152; x_wconf 86' lang='lat' dir='ltr'><strong>partam</strong></span> <span class='ocrx_word' id='word_1_276' title='bbox 1041 4042 1244 4148; x_wconf 87' lang='lat' dir='ltr'><strong>absorbet,</strong></span> <span class='ocrx_word' id='word_1_277' title='bbox 1285 4055 1446 4156; x_wconf 85' lang='lat' dir='ltr'><strong>sanguis</strong></span> <span class='ocrx_word' id='word_1_278' title='bbox 1473 4040 1554 4130; x_wconf 73' lang='lat' dir='ltr'><strong>sere</strong></span> <span class='ocrx_word' id='word_1_279' title='bbox 1582 4058 1685 4130; x_wconf 92' lang='lat' dir='ltr'><strong>omni</strong></span> <span class='ocrx_word' id='word_1_280' title='bbox 1712 4056 1841 4129; x_wconf 86' lang='lat' dir='ltr'><strong>oneris</strong></span> <span class='ocrx_word' id='word_1_281' title='bbox 1867 4057 2055 4156; x_wconf 80' lang='lat' dir='ltr'><strong>gravitate</strong></span> 
     </span>
     <span class='ocr_line' id='line_1_29' title="bbox 238 4172 2055 4279; baseline 0.005 -32"><span class='ocrx_word' id='word_1_282' title='bbox 238 4173 322 4273; x_wconf 85' lang='lat' dir='ltr'><strong>ipse</strong></span> <span class='ocrx_word' id='word_1_283' title='bbox 349 4196 459 4246; x_wconf 88' lang='lat' dir='ltr'><strong>snum</strong></span> <span class='ocrx_word' id='word_1_284' title='bbox 487 4172 712 4250; x_wconf 87' lang='lat' dir='ltr'><strong>adscensum</strong></span> <span class='ocrx_word' id='word_1_285' title='bbox 739 4174 939 4275; x_wconf 84' lang='lat' dir='ltr'><strong>impediat3</strong></span> <span class='ocrx_word' id='word_1_286' title='bbox 966 4179 1086 4279; x_wconf 87' lang='lat' dir='ltr'><strong>igitur</strong></span> <span class='ocrx_word' id='word_1_287' title='bbox 1112 4180 1268 4252; x_wconf 91' lang='lat' dir='ltr'><strong>remotis</strong></span> <span class='ocrx_word' id='word_1_288' title='bbox 1295 4177 1372 4255; x_wconf 90' lang='lat' dir='ltr'><strong>illis</strong></span> <span class='ocrx_word' id='word_1_289' title='bbox 1396 4177 1673 4279; x_wconf 86' lang='lat' dir='ltr'><strong>impedimentis</strong></span> <span class='ocrx_word' id='word_1_290' title='bbox 1689 4177 1919 4256; x_wconf 86' lang='lat' dir='ltr'><strong>mechanicis</strong></span> <span class='ocrx_word' id='word_1_291' title='bbox 1935 4181 1976 4255; x_wconf 92' lang='lat' dir='ltr'><strong>in</strong></span> <span class='ocrx_word' id='word_1_292' title='bbox 1993 4174 2055 4256; x_wconf 88' lang='lat' dir='ltr'><strong>hls</strong></span> 
     </span>
     <span class='ocr_line' id='line_1_30' title="bbox 238 4289 2095 4411; baseline 0.005 -41"><span class='ocrx_word' id='word_1_293' title='bbox 238 4298 400 4391; x_wconf 82' lang='lat' dir='ltr'><strong>maxima</strong></span> <span class='ocrx_word' id='word_1_294' title='bbox 427 4296 598 4397; x_wconf 90' lang='lat' dir='ltr'><strong>periodis</strong></span> <span class='ocrx_word' id='word_1_295' title='bbox 626 4302 826 4411; x_wconf 83' lang='lat' dir='ltr'><strong>sangoinis</strong></span> <span class='ocrx_word' id='word_1_296' title='bbox 853 4289 972 4377; x_wconf 77' lang='lat' dir='ltr'><strong>mot&#39;ui</strong></span> <span class='ocrx_word' id='word_1_297' title='bbox 1006 4303 1205 4402; x_wconf 86' lang='lat' dir='ltr'><strong>egregium</strong></span> <span class='ocrx_word' id='word_1_298' title='bbox 1237 4300 1503 4379; x_wconf 89' lang='lat' dir='ltr'><strong>adminiculum</strong></span> <span class='ocrx_word' id='word_1_299' title='bbox 1537 4302 1730 4381; x_wconf 82' lang='lat' dir='ltr'><strong>afferetur.</strong></span> <span class='ocrx_word' id='word_1_300' title='bbox 1783 4304 1915 4403; x_wconf 83' lang='grc' dir='ltr'>Νιιι,</span> <span class='ocrx_word' id='word_1_301' title='bbox 1937 4305 1973 4379; x_wconf 88' lang='lat' dir='ltr'><strong>si</strong></span> <span class='ocrx_word' id='word_1_302' title='bbox 2003 4300 2054 4379; x_wconf 79' lang='lat' dir='ltr'><strong>ad</strong></span> <span class='ocrx_word' id='word_1_303' title='bbox 2092 4344 2095 4351; x_wconf 95' lang='lat'>·</span> 
     </span>
     <span class='ocr_line' id='line_1_31' title="bbox 237 4418 2052 4533; baseline 0.003 -36"><span class='ocrx_word' id='word_1_304' title='bbox 237 4418 548 4533; x_wconf 88' lang='lat' dir='ltr'><strong>perpendiculum</strong></span> <span class='ocrx_word' id='word_1_305' title='bbox 577 4430 711 4498; x_wconf 89' lang='lat' dir='ltr'><strong>contra</strong></span> <span class='ocrx_word' id='word_1_306' title='bbox 737 4426 962 4527; x_wconf 87' lang='lat' dir='ltr'><strong>gravitatem</strong></span> <span class='ocrx_word' id='word_1_307' title='bbox 989 4429 1119 4501; x_wconf 89' lang='lat' dir='ltr'><strong>oneris</strong></span> <span class='ocrx_word' id='word_1_308' title='bbox 1145 4425 1379 4502; x_wconf 89' lang='lat' dir='ltr'><strong>adscendere</strong></span> <span class='ocrx_word' id='word_1_309' title='bbox 1406 4454 1486 4504; x_wconf 88' lang='lat' dir='ltr'><strong>non</strong></span> <span class='ocrx_word' id='word_1_310' title='bbox 1512 4427 1676 4530; x_wconf 85' lang='lat' dir='ltr'><strong>amplius</strong></span> <span class='ocrx_word' id='word_1_311' title='bbox 1694 4432 1874 4532; x_wconf 87' lang='lat' dir='ltr'><strong>cogetur,</strong></span> <span class='ocrx_word' id='word_1_312' title='bbox 1901 4426 2052 4505; x_wconf 79' lang='lat' dir='ltr'><strong>facilius</strong></span> 
     </span>
     <span class='ocr_line' id='line_1_32' title="bbox 223 4523 2052 4657; baseline 0.004 -37"><span class='ocrx_word' id='word_1_313' title='bbox 223 4523 339 4620; x_wconf 69' lang='lat' dir='ltr'><strong>‘vitali</strong></span> <span class='ocrx_word' id='word_1_314' title='bbox 367 4570 437 4620; x_wconf 90' lang='lat' dir='ltr'><strong>sna</strong></span> <span class='ocrx_word' id='word_1_315' title='bbox 464 4548 614 4621; x_wconf 87' lang='lat' dir='ltr'><strong>actione</strong></span> <span class='ocrx_word' id='word_1_316' title='bbox 641 4545 944 4648; x_wconf 78' lang='lat' dir='ltr'><strong>promovebitur,</strong></span> <span class='ocrx_word' id='word_1_317' title='bbox 984 4576 1082 4655; x_wconf 88' lang='lat' dir='ltr'><strong>qnae</strong></span> <span class='ocrx_word' id='word_1_318' title='bbox 1109 4577 1193 4626; x_wconf 93' lang='lat' dir='ltr'><strong>cum</strong></span> <span class='ocrx_word' id='word_1_319' title='bbox 1222 4549 1412 4649; x_wconf 90' lang='lat' dir='ltr'><strong>accidant,</strong></span> <span class='ocrx_word' id='word_1_320' title='bbox 1451 4556 1485 4657; x_wconf 81' lang='lat' dir='ltr'><strong>si</strong></span> <span class='ocrx_word' id='word_1_321' title='bbox 1517 4577 1615 4628; x_wconf 87' lang='lat' dir='ltr'><strong>vena</strong></span> <span class='ocrx_word' id='word_1_322' title='bbox 1647 4561 1846 4654; x_wconf 83' lang='lat' dir='ltr'><strong>portarum</strong></span> <span class='ocrx_word' id='word_1_323' title='bbox 1872 4549 2052 4631; x_wconf 79' lang='lat' dir='ltr'><strong>libratum</strong></span> 
     </span>
     <span class='ocr_line' id='line_1_33' title="bbox 237 4650 2052 4837; baseline 0.007 -94"><span class='ocrx_word' id='word_1_324' title='bbox 237 4668 401 4768; x_wconf 77' lang='lat' dir='ltr'><strong>accipiat</strong></span> <span class='ocrx_word' id='word_1_325' title='bbox 427 4674 560 4768; x_wconf 90' lang='lat' dir='ltr'><strong>sitnm,</strong></span> <span class='ocrx_word' id='word_1_326' title='bbox 584 4668 698 4747; x_wconf 84' lang='lat' dir='ltr'><strong>facile</strong></span> <span class='ocrx_word' id='word_1_327' title='bbox 724 4672 968 4776; x_wconf 83' lang='lat' dir='ltr'><strong>intelligitur,</strong></span> <span class='ocrx_word' id='word_1_328' title='bbox 997 4679 1158 4779; x_wconf 90' lang='lat' dir='ltr'><strong>quietem</strong></span> <span class='ocrx_word' id='word_1_329' title='bbox 1186 4680 1362 4777; x_wconf 83' lang='lat' dir='ltr'><strong>eorporis</strong></span> <span class='ocrx_word' id='word_1_330' title='bbox 1388 4680 1429 4753; x_wconf 93' lang='lat' dir='ltr'><strong>in</strong></span> <span class='ocrx_word' id='word_1_331' title='bbox 1455 4650 1683 4756; x_wconf 89' lang='lat' dir='ltr'><strong>libramento</strong></span> <span class='ocrx_word' id='word_1_332' title='bbox 1709 4682 1829 4783; x_wconf 83' lang='lat' dir='ltr'><strong>positi</strong></span> <span class='ocrx_word' id='word_1_333' title='bbox 1860 4680 2052 4837; x_wconf 73' lang='lat' dir='ltr'><strong>postque·</strong></span> 
     </span>
     <span class='ocr_line' id='line_1_34' title="bbox 236 4768 1735 4925; baseline 0.011 -58"><span class='ocrx_word' id='word_1_334' title='bbox 236 4819 324 4925; x_wconf 84' lang='lat' dir='ltr'><strong>uam</strong></span> <span class='ocrx_word' id='word_1_335' title='bbox 349 4794 533 4892; x_wconf 86' lang='lat' dir='ltr'><strong>imprimis</strong></span> <span class='ocrx_word' id='word_1_336' title='bbox 559 4798 681 4871; x_wconf 90' lang='lat' dir='ltr'><strong>totum</strong></span> <span class='ocrx_word' id='word_1_337' title='bbox 709 4793 936 4899; x_wconf 89' lang='lat' dir='ltr'><strong>digestionis</strong></span> <span class='ocrx_word' id='word_1_338' title='bbox 963 4826 1186 4904; x_wconf 89' lang='lat' dir='ltr'><strong>processum</strong></span> <span class='ocrx_word' id='word_1_339' title='bbox 1212 4804 1375 4879; x_wconf 86' lang='lat' dir='ltr'><strong>maxime</strong></span> <span class='ocrx_word' id='word_1_340' title='bbox 1402 4768 1596 4910; x_wconf 81' lang='lat' dir='ltr'><strong>adjdvare.</strong></span> <span class='ocrx_word' id='word_1_341' title='bbox 1732 4868 1735 4873; x_wconf 88' lang='lat'><em>.</em></span> 
     </span>
    </p>

    <p class='ocr_par' dir='ltr' id='par_1_11' title="bbox 236 4920 2051 5157">
     <span class='ocr_line' id='line_1_35' title="bbox 370 4920 2049 5030; baseline 0.007 -38"><span class='ocrx_word' id='word_1_342' title='bbox 370 4920 516 4992; x_wconf 79' lang='lat' dir='ltr'><strong>Contra</strong></span> <span class='ocrx_word' id='word_1_343' title='bbox 543 4944 651 5017; x_wconf 92' lang='lat' dir='ltr'><strong>vcro,</strong></span> <span class='ocrx_word' id='word_1_344' title='bbox 691 4924 724 4997; x_wconf 91' lang='lat' dir='ltr'><strong>si</strong></span> <span class='ocrx_word' id='word_1_345' title='bbox 752 4927 912 5027; x_wconf 89' lang='lat' dir='ltr'><strong>sangnis</strong></span> <span class='ocrx_word' id='word_1_346' title='bbox 939 4955 1010 5028; x_wconf 87' lang='lat' dir='ltr'><strong>per</strong></span> <span class='ocrx_word' id='word_1_347' title='bbox 1036 4928 1262 5005; x_wconf 84' lang='lat' dir='ltr'><strong>secretionis</strong></span> <span class='ocrx_word' id='word_1_348' title='bbox 1287 4952 1440 5030; x_wconf 89' lang='lat' dir='ltr'><strong>organa</strong></span> <span class='ocrx_word' id='word_1_349' title='bbox 1464 4928 1570 5007; x_wconf 90' lang='lat' dir='ltr'><strong>illam</strong></span> <span class='ocrx_word' id='word_1_350' title='bbox 1598 4929 1752 5008; x_wconf 85' lang='lat' dir='ltr'><strong>crudam</strong></span> <span class='ocrx_word' id='word_1_351' title='bbox 1778 4930 1974 5005; x_wconf 83' lang='lat' dir='ltr'><strong>materiam</strong></span> <span class='ocrx_word' id='word_1_352' title='bbox 1999 4924 2049 5004; x_wconf 79' lang='lat' dir='ltr'><strong>ab</strong></span> 
     </span>
     <span class='ocr_line' id='line_1_36' title="bbox 236 5036 2051 5157; baseline 0.008 -42"><span class='ocrx_word' id='word_1_353' title='bbox 236 5041 339 5116; x_wconf 90' lang='lat' dir='ltr'><strong>omni</strong></span> <span class='ocrx_word' id='word_1_354' title='bbox 364 5036 537 5141; x_wconf 87' lang='lat' dir='ltr'><strong>parte</strong></span> <span class='ocrx_word' id='word_1_355' title='bbox 502 5046 640 5147; x_wconf 68' lang='lat' dir='ltr'><strong>ejicere</strong></span> <span class='ocrx_word' id='word_1_356' title='bbox 667 5049 817 5145; x_wconf 85' lang='lat' dir='ltr'><strong>nititur,</strong></span> <span class='ocrx_word' id='word_1_357' title='bbox 849 5055 893 5124; x_wconf 88' lang='lat' dir='ltr'><strong>nt</strong></span> <span class='ocrx_word' id='word_1_358' title='bbox 919 5077 1061 5152; x_wconf 86' lang='lat' dir='ltr'><strong>corpus</strong></span> <span class='ocrx_word' id='word_1_359' title='bbox 1088 5048 1137 5127; x_wconf 87' lang='lat' dir='ltr'><strong>ab</strong></span> <span class='ocrx_word' id='word_1_360' title='bbox 1166 5078 1212 5129; x_wconf 90' lang='lat' dir='ltr'><strong>ea</strong></span> <span class='ocrx_word' id='word_1_361' title='bbox 1238 5061 1442 5157; x_wconf 88' lang='lat' dir='ltr'><strong>purgetur,</strong></span> <span class='ocrx_word' id='word_1_362' title='bbox 1475 5053 1631 5133; x_wconf 87' lang='lat' dir='ltr'><strong>assidua</strong></span> <span class='ocrx_word' id='word_1_363' title='bbox 1658 5057 1730 5131; x_wconf 87' lang='lat' dir='ltr'><strong>erit</strong></span> <span class='ocrx_word' id='word_1_364' title='bbox 1755 5079 1888 5132; x_wconf 89' lang='lat' dir='ltr'><strong>eorum</strong></span> <span class='ocrx_word' id='word_1_365' title='bbox 1915 5063 2051 5131; x_wconf 78' lang='lat' dir='ltr'><strong>eontra</strong></span> 
     </span>
    </p>
   </div>
   <div class='ocr_carea' id='block_1_9' title="bbox 0 0 2420 6187">
    <p class='ocr_par' dir='ltr' id='par_1_12' title="bbox 0 0 2420 6187">
     <span class='ocr_line' id='line_1_37' title="bbox 0 0 2420 6187; baseline 0 0"><span class='ocrx_word' id='word_1_366' title='bbox 0 0 2420 6187; x_wconf 95' lang='lat' dir='ltr'><strong> </strong></span> 
     </span>
    </p>
   </div>
  </div>
 </body>
</html>
