4830 6188
1282 348 1379 513 ¹64
1566 350 1572 365 *

509 646 512 651 ·
573 617 632 693 Ad
664 614 779 720 hujus
811 613 945 720 liquidi
978 617 1128 689 nnciam
1162 613 1350 694 dimidiam
1385 614 1629 692 saturandam
1661 622 1880 693 necessaria
1905 627 2021 694 ‘erant
2051 644 2174 720 grana
2201 592 2252 695 tl

440 746 540 819 aceti
571 746 660 818 viui.
716 737 939 816 saturando
967 738 1096 842 liquor
1122 735 1303 817 ebullivit.
1357 739 1527 818 Acidum
1547 743 1784 817 maniaticum
1814 768 1888 843 ope
1920 738 2048 819 bacilli
2074 746 2184 819 vitrei
2208 742 2255 818 li·

440 869 552 971 quori
578 866 923 969 appropinquatum
950 861 1160 947 nubeculas
1187 862 1296 941 albas
1314 893 1483 965 ¹crassas
1510 867 1661 967 genuit,
1689 891 1814 971 neque
1840 869 1963 949 minus
1992 866 2125 944 charta
2137 863 2255 945 rubra

388 974 391 981 ⁴
440 987 648 1091 vaporibus
675 964 836 1092 liquoris
864 988 1046 1065 ferventis
1073 989 1227 1065 admota
1244 987 1437 1066 eelemimo
1456 989 1632 1068 caerulea
1644 990 1748 1067 lacta
1766 998 1837 1067 est.
1893 994 2149 1085 continuante
2163 1017 2254 1068 vero

306 1112 311 1122 ’
439 1115 590 1211 fervore
624 1140 788 1215 vapores
815 1113 897 1220 jam
931 1112 1097 1189 chartam
1131 1109 1283 1187 rubram
1316 1119 1443 1189 minus
1475 1113 1686 1190 caeruleam
1726 1110 1868 1191 dabant
1889 1097 2019 1221 'atque
2058 1120 2254 1219 postremo

440 1268 518 1318 non
544 1243 726 1317 mutatam
753 1234 1032 1342 relinquebant.
1087 1234 1246 1312 Accedit
1273 1235 1392 1340 quod,
1433 1241 1551 1339 prout
1577 1237 1671 1315 baec
1698 1238 1859 1337 liabent,
1892 1240 2076 1344 liquidnm
2102 1242 2255 1321 larveus

442 1364 636 1443 alealicam
664 1389 770 1440 snam
798 1360 962 1438 indolem
991 1364 1131 1437 sensim
1160 1358 1367 1438 amittebat.
1423 1364 1519 1437 Cum
1532 1388 1623 1438 vero
1640 1361 1777 1440 deinde
1793 1364 2066 1469 aliquantulum
2079 1366 2155 1444 lali
2168 1393 2256 1443 cau·

443 1493 529 1567 stici
562 1486 805 1593 adjecissem,
845 1485 970 1563 denuo
998 1492 1168 1587 poteram
1194 1512 1358 1589 vapores
1386 1486 1567 1563 alcalicos
1601 1513 1777 1585 evocare,
1818 1493 1944 1567 temen
1976 1496 2114 1568 minori
2146 1495 2258 1593 copia

442 1639 553 1717 quam
582 1621 706 1690 anton.
759 1616 806 1689 ln
831 1618 995 1715 utroque
1022 1618 1148 1686 temen
1176 1615 1437 1712 experimento
1472 1610 1603 1687 charta
1635 1617 1691 1689 sic
1719 1612 1898 1690 caerulea
1923 1615 2026 1693 facta
2052 1617 2100 1693 ad
2128 1626 2256 1692 adrem
2368 1685 2374 1691 .

293 1816 307 1841 Χ
441 1742 533 1839 post
560 1737 717 1842 aliquod
743 1741 893 1838 tempus
921 1762 1055 1810 rursus
1084 1732 1231 1829 rubuit,
1260 1733 1363 1840 qnod
1390 1739 1501 1812 citius
1529 1736 1689 1830 lactum,
1730 1740 1763 1812 si
1798 1737 1932 1815 cbarta
1963 1740 2123 1817 ferventi
2151 1741 2257 1816 lami-

441 1889 512 1940 nae
542 1871 602 1938 est
626 1867 815 1963 imposita.
879 1920 886 1941 .

578 1990 747 2088 Cuprum
776 1985 1033 2089 sulphuricum
1060 2012 1085 2063 a
1110 1986 1320 2063 sedimento
1347 2013 1418 2089 per
1444 1988 1684 2066 llltrationem
1701 1995 1917 2091 separatum
1944 1989 2131 2096 liquorem
2160 1996 2257 2066 evi·

442 2114 515 2191 ridi
543 2111 757 2190 caeruleum
792 2107 918 2188 dabat.
974 2117 1093 2208 Ferro
1122 2114 1321 2187 muriatico
1348 2110 1477 2189 addito
1506 2112 1642 2191 floride
1668 2106 1816 2208 rubuit,
1847 2120 1915 2191 'sic
1948 2119 1992 2191 nt
2017 2113 2161 2192 nullum
2190 2114 2260 2189 du·

441 2237 545 2315 bium
573 2241 678 2314 esset
705 2235 803 2312 salia
829 2238 990 2331 ucetica,
1018 2239 1201 2335 imprimis
1230 2238 1456 2312 ammonium
1489 2240 1671 2313 aceticmn
1699 2242 1737 2313 in
1766 2266 1813 2340 eo
1842 2237 1990 2316 adesse.
2045 2242 2258 2340 Argentum

442 2368 618 2438 uitricum
645 2387 724 2436 uon
753 2386 921 2435 crassam
950 2362 1122 2435 evocavit
1139 2362 1393 2461 opacitatem.
1448 2359 1738 2465 Hydrargyrnm
1771 2367 1897 2439 antem
1925 2364 2173 2469 oxydnlatnm
2202 2369 2259 2439 ni-

440 2493 575 2593 tricnm
603 2482 967 2563 turbulentissimum
996 2480 1099 2559 dedit
1127 2490 1240 2588 etque
1272 2468 1479 2591 insequens
1512 2485 1762 2563 sedimentum
1794 2492 1946 2590 nigrum
1974 2486 2111 2567 effecit.
2167 2489 2259 2590 Spi-

440 2616 540 2690 ritus
568 2614 661 2708 vini,
703 2608 816 2686 simili
841 2607 957 2683 mode
991 2615 1104 2711 atque
1137 2613 1176 2682 in
1209 2607 1344 2705 saliva,
1386 2608 1635 2687 sedimentum
1668 2614 1849 2713 exignum
1882 2616 1922 2689 iu
1955 2640 2056 2717 aqua
2091 2608 2258 2689 solubile

444 2740 648 2838 separavit.
704 2730 966 2825 Fervescendo
994 2720 1122 2836 liquor
1148 2759 1227 2809 non
1254 2732 1413 2829 coaluit,
1446 2732 1623 2810 albumen
1652 2740 1771 2839 igitur
1798 2764 1876 2813 uon
1905 2740 2103 2814 continuit.

578 2860 839 2938 Sedimeutum
870 2864 962 2959 post
993 2854 1250 2935 lultrationem
1283 2883 1484 2934 remanens
1512 2886 1589 2934 non
1622 2858 1694 2935 luit
1727 2858 1891 2938 solubile
1923 2866 1962 2938 iu
1996 2864 2135 2963 spiritu
2167 2864 2256 2958 vini,

320 3058 327 3071 .
434 3014 567 3090 neque
594 2989 719 3062 miuus
748 2992 786 3059 et
812 2982 921 3058 color
948 2988 986 3058 et
1011 2980 1184 3085 reliquae
1214 2985 1471 3085 proprietates
1503 2980 1724 3060 indicabant
1756 3013 1934 3090 magnam
1968 2985 2052 3092 ejus
2086 2985 2257 3064 similitu·

153 3130 158 3141 ’
284 3142 286 3152 ·
444 3111 567 3188 dinem
595 3135 679 3186 amn
706 3107 898 3212 ptyalino,
931 3109 1023 3207 post
1050 3109 1344 3211 exsiceatiouem
1370 3135 1449 3184 non
1477 3105 1646 3185 solubili.
1700 3110 1841 3214 Neque
1867 3114 2003 3212 igitur,
2044 3110 2147 3218 qnod
2179 3112 2258 3213 pri·

442 3261 543 3315 mum
572 3230 817 3336 suspicabar,
844 3228 1008 3307 biliosae
1036 3239 1166 3332 partes
1192 3230 1253 3308 vel
1281 3257 1407 3310 merae
1433 3229 1493 3309 vel
1519 3259 1591 3334 per
1610 3232 1758 3310 acidum
1773 3234 1896 3339 cbymi
1909 3230 2074 3313 mutatab
2087 3234 2256 3331 adfuere,

443 3366 584 3467 quippe
612 3385 709 3463 quae
735 3360 776 3433 in
804 3358 940 3458 spiritu
966 3360 1042 3432 viui
1068 3354 1245 3435 facillime
1273 3356 1488 3453 solvantur,
1514 3384 1637 3463 neque
1651 3355 1803 3435 amarus
1822 3386 1941 3462 sapor
1958 3361 2042 3439 fuit.

575 3486 712 3562 Parias
739 3486 889 3559 interna
915 3479 1132 3575 ventriculi,
1174 3479 1318 3559 ambitu
1343 3481 1469 3578 fundi,
1496 3485 1536 3558 iu
1563 3481 1637 3559 boc
1665 3509 1764 3588 equo
1792 3485 1966 3561 insulosa
1994 3491 2122 3589 quasi,
2151 3486 2292 3577 exhi«,

443 3611 527 3689 buit
552 3610 859 3713 frequentissima
885 3605 973 3684 loca
1000 3605 1230 3709 epidermide
1257 3605 1465 3703 denudata,
1492 3605 1733 3711 marginibus
1759 3608 1971 3708 nudulatis‚
2003 3616 2117 3715 atque
2146 3615 2257 3712 quasi

443 3763 575 3832 erosa,
617 3738 673 3810 sic
713 3739 756 3808 ut
794 3727 1014 3808 membrana
1054 3726 1258 3836 subjacens
1290 3729 1496 3809 vasculosa
1527 3727 1652 3808 libera
1684 3737 1901 3835 appareret.
1955 3737 2110 3810 Amicus
2143 3732 2258 3810 Gurlt

443 3862 645 3961 certieiem
672 3882 732 3933 me
759 3856 866 3963 lecit,
893 3857 933 3933 id
948 3861 988 3933 iu
1001 3853 1117 3932 nullis
1130 3857 1257 3960 equis,
1284 3855 1500 3958 perplures
1515 3855 1597 3934 dies
1617 3854 1783 3962 jejunis,
1810 3884 1889 3936 uon
1915 3861 2088 3936 inveniri.
2143 3856 2258 3938 Vide·

443 3994 505 4062 tur
532 3988 651 4086 igitur
678 3981 799 4058 densa
829 3987 943 4084 atque
973 3980 1090 4082 plena
1115 3978 1276 4085 liquoris
1302 3978 1551 4059 ventriculum
1579 3986 1803 4083 occupantis
1830 3981 2097 4060 alcalescentia
2123 3981 2256 4061 duram

443 4107 711 4213 epidermidem
741 4107 851 4210 qnasi
882 4105 1109 4183 macerando
1142 4104 1407 4210 desquama,
1449 4108 1506 4183 sic
1544 4114 1587 4181 ut
1624 4105 1831 4185 artificialis
1872 4106 2056 4212 quaedam
2093 4105 2257 4212 desqua-

419 4231 560 4311 'matio
586 4257 678 4308 vera
705 4256 822 4306 causa
848 4229 952 4307 illius
978 4229 1230 4332 pbaenomeni
1258 4235 1320 4309 sit.
1372 4232 1472 4308 Num
1499 4256 1591 4308 vero
1619 4228 1778 4311 effectus
1805 4231 1868 4309 bic
1884 4236 1940 4309 ita
1956 4229 2101 4310 intendi
2118 4235 2282 4334 possit.

441 4361 486 4437 ut
511 4362 599 4460 ipsa
622 4350 843 4431 membrana
868 4353 1071 4431 vasculosa
1095 4379 1367 4459 nonnunquam
1393 4352 1584 4432 efficiatum
1613 4362 1728 4460 atque
1753 4360 1865 4459 qnasi
1896 4354 2084 4452 solvatur,
2124 4359 2257 4458 magni

441 4483 649 4597 intepesset
675 4483 792 4574 scire,
820 4505 906 4555 eum
932 4479 1100 4556 sortasse
1127 4480 1241 4581 origo
1268 4462 1543 4581 perforationis
1569 4478 1770 4565 ventriculi
1797 4490 2032 4583 spontaneae
2048 4478 2124 4578 boe
2140 4479 2257 4559 modo

441 4588 577 4711 posset
601 4602 776 4705 intelligi.

326 4742 330 4751 '
578 4724 813 4806 continebat
839 4731 958 4829 igitur
983 4729 1112 4834 liquor
1138 4729 1217 4807 bie:
1257 4734 1484 4809 ammonium
1512 4724 1772 4829 carbonieum,
1804 4733 2033 4807 ammonium
2059 4732 2256 4829 asceticam,

441 4859 670 4935 ammonium
698 4854 935 4929 muriaticum
964 4862 1002 4930 et
1027 4851 1251 4956 ptyalinnm.
