4830 6188
624 848 712 938 111.
775 847 1121 966 Espesmenta
1139 847 1211 936 'de
1241 847 1502 964 digestans
1532 848 1582 933 io
1613 849 1769 936 coece.
1892 812 1894 817 ι
1985 926 1991 937 .
2089 788 2098 799 ·

918 1053 1136 1119 ΑΡιτειπίιιιιιιῑιιτ
1158 1051 1286 1134 quaedam
1307 1053 1445 1135 generalia.
1472 1136 1476 1141 Ι

428 1226 670 1327 Digestionis
702 1249 793 1314 vero
827 1246 1061 1323 organorum
1083 1216 1231 1297 fabrica
1256 1223 1297 1298 et
1314 1218 1550 1297 sanationum
1583 1217 1846 1323 phaenomena
1872 1225 1913 1299 in
1940 1223 2111 1301 animali·

293 1347 369 1428 bus
402 1353 515 1426 extre
547 1345 821 1426 dubitationem
851 1348 1019 1450 ponunt,
1065 1344 1319 1449 digestionem
1356 1350 1397 1423 in
1424 1371 1551 1426 coeeo-
1575 1343 1696 1423 multo
1734 1348 1990 1448 potentiorem
2023 1375 2112 1430 esse

195 1483 208 1485 ’“
257 1534 259 1539 .
294 1477 335 1551 in
353 1470 565 1552 berbivoris
586 1500 698 1576 quem
717 1474 940 1551 carnivoris.
996 1473 1124 1547 Causa
1141 1469 1265 1549 facilis
1283 1475 1344 1550 est
1356 1468 1570 1549 intellectu:
1598 1469 1785 1574 siquidem
1812 1469 1889 1548 cibi
1915 1473 2111 1570 animales,

294 1600 340 1678 nt
365 1603 405 1675 iu
432 1604 659 1700 sanguinem
685 1599 901 1694 vertantur,
933 1600 1073 1673 minori
1098 1594 1275 1698 indigent
1300 1599 1529 1691 mutatione,
1562 1608 1674 1699 quani
1700 1593 1953 1698 vegetabiles,
1993 1626 2111 1701 quare

294 1722 593 1825 indigestionis
619 1725 780 1824 organis
808 1718 1045 1824 simplicibus
1071 1721 1241 1823 perfecta
1263 1719 1400 1825 'subigi
1425 1724 1608 1824 pessuut3
1649 1723 1772 1798 vietus
1804 1724 1932 1799 autem
1957 1726 2113 1825 vegeta·

247 1833 249 1837 ’
294 1843 403 1946 bilis,
445 1873 559 1951 quum
592 1844 642 1925 ab
676 1850 900 1948 organismo
932 1845 1084 1925 animali
1116 1851 1241 1949 magis
1273 1846 1420 1924 alienus
1453 1850 1522 1943 sit,
1562 1873 1641 1925 non
1673 1849 1851 1948 protinus
1884 1849 1925 1924 et
1956 1846 2113 1942 mesu,

253 2009 259 2020 κ
295 1972 366 2081 sad
392 1972 619 2075 perplures
646 1971 795 2048 demum
823 1970 1051 2074 digestionis
1077 1971 1223 2074 gradum
1250 1977 1290 2050 in
1319 1970 1572 2051 substantiam
1599 1969 1803 2073 animalem
1818 1977 2112 2075 potestmutari.

295 2100 382 2177 llue
413 2097 577 2195 accedit,
620 2096 723 2207 quod
756 2093 832 2174 cibi
863 2095 1045 2175 animales
1077 2101 1279 2176 maximam
1311 2100 1460 2202 partem
1499 2093 1740 2199 digestibiles
1779 2100 1872 2175 sunt
1902 2125 2114 2203 parumque
2163 2089 2171 2095 ’

296 2226 475 2303 metense
503 2225 812 2300 excrementitiae
838 2221 1075 2325 relinquunt,
1113 2218 1383 2325 vegetabilium
1414 2249 1506 2300 vero
1540 2247 1682 2325 magna
1711 2249 1805 2325 pars
1837 2222 1939 2300 band
1970 2226 2026 2299 ita
2058 2222 2115 2301 dt-
2152 2247 2159 2254 ·
2270 2291 2273 2294 ,

294 2352 461 2453 geritur,
489 2375 601 2452 qnam
628 2347 715 2423 ideo
738 2350 901 2449 aparte
929 2344 1139 2449 digestibili
1172 2351 1375 2448 segregari
1407 2350 1574 2451 oportet.
1627 2350 1662 2425 ll
1691 2345 1830 2452 quibus
1854 2352 1950 2426 satis
1980 2347 2114 2453 liquet,

74 2532 82 2545 .
147 2556 150 2565 f
295 2477 615 2550 nutrimentorum
655 2469 924 2575 vegetabilium
963 2470 1082 2574 longe
1123 2470 1306 2578 majorem
1346 2477 1489 2576 requiri
1529 2470 1685 2569 molem,
1732 2500 1843 2575 quam
1883 2473 2113 2550 animalium.

294 2597 466 2677 Proinde
506 2596 678 2699 perlecta
717 2598 940 2700 segregatio
984 2598 1178 2699 portionis
1224 2599 1387 2697 exiguae
1431 2601 1611 2674 materiae
1659 2594 1890 2699 digestibilis
1931 2603 1971 2675 iu
2011 2603 2113 2675 victu
2241 2635 2243 2639 ¹

294 2718 501 2825 vegetabili
534 2718 584 2798 ab
617 2720 884 2824 indigestibili,
927 2748 1038 2826 qnam
1070 2726 1234 2799 maxime
1266 2727 1486 2799 meessaria
1517 2721 1567 2801 ad
1602 2719 1891 2800 berbivurornm
1931 2722 2115 2826 digestio·

295 2875 401 2946 uem,
440 2873 519 2940 uua
545 2846 751 2949 eademque
779 2845 941 2948 simplici
968 2844 1194 2925 subactione
1221 2846 1498 2950 participasse
1525 2874 1606 2924 aon
1631 2847 1793 2924 videtur.
1848 2851 1945 2926 (lum
1976 2847 2112 2953 cbpmo

295 2977 396 3055 enim
422 2999 444 3052 e
471 2969 682 3049 ventriculo
710 2969 842 3071 plures
870 2973 1068 3068 materiae,
1095 2969 1336 3074 digestibiles
1363 2972 1513 3075 quidem
1542 2971 1611 3052 sed
1637 2970 1739 3049 baud
1770 2971 1965 3074 digestae,
1992 2977 2032 3049 in
2056 2977 2115 3048 in·

140 3101 147 3119 ⁸
294 3101 477 3180 tostinum
504 3095 758 3192 descendunt,
787 3100 938 3201 quaein
951 3100 1145 3177 maurium
1160 3100 1482 3179 excrementitiam
1500 3095 1668 3194 sinent,
1693 3103 1771 3191 ,nisi
1799 3098 1920 3175 ultera
1946 3097 2114 3199 digestio

161 3418 165 3426 ι
294 3349 435 3439 beatu

294 3223 426 3312 locvm
450 3218 609 3310 baberet
634 3225 686 3298 iu·
702 3248 838 3319 coeco,
866 3225 1007 3325 quippe
1034 3250 1110 3329 qua
1136 3222 1291 3306 ultim
1318 3218 1492 3304 ciborum
1519 3220 1728 3325 particulae
1756 3225 1960 3300 nutritivae
1987 3228 2115 3305 entre

430 3473 562 3567 Quum
589 3475 709 3575 igitur
735 3471 851 3550 bomo
877 3475 1016 3574 partim
1042 3467 1324 3576 vegetabilibus
1351 3475 1546 3570 vescatur,
1573 3470 1686 3552 facile
1702 3469 1852 3571 elucere
1868 3470 2036 3569 videtur,
2060 3471 2113 3569 id,

295 3598 465 3705 quadiu
492 3595 708 3677 berbivoris
734 3595 961 3678 animalibus
989 3595 1167 3678 omnibns
1193 3600 1362 3680 numeris
1389 3594 1606 3675 absolutum
1619 3599 1681 3693 sit,
1708 3601 1749 3676 in
1766 3596 1918 3677 bomlne
1935 3625 1987 3676 ex
2003 3601 2116 3701 parto

294 3724 398 3824 iterii
426 3727 467 3807 et
492 3749 628 3803 revera
653 3721 960 3820 observationes,
988 3750 1084 3827 quas
1112 3722 1161 3802 de
1187 3750 1248 3801 me
1273 3727 1362 3826 ipso
1387 3721 1520 3819 retuli,
1553 3722 1818 3800 alimentorum
1845 3721 2116 3801 accumulatio·

203 3838 209 3847 ’
295 3875 384 3937 nem
410 3875 622 3952 novamque
650 3847 904 3951 rbgcstionem
931 3854 972 3927 in
998 3876 1116 3928 coeco
1134 3848 1326 3938 bominum
1343 3849 1527 3927 intestino
1550 3847 1677 3925 locum
1698 3842 1840 3925 babere
1873 3847 2112 3928 confirmant.

297 3971 409 4064 Scire
434 3976 561 4063 aulam
587 3999 672 4055 mea
697 3972 888 4071 interserit,
917 4000 1116 4079 quousque
1142 4001 1213 4075 per
1239 3971 1455 4052 animalium
1482 3971 1628 4050 classes
1656 3969 1822 4074 digestio
1849 3978 1890 4050 iu
1912 4000 2030 4053 coeco
2056 3978 2115 4051 in-

297 4096 431 4210 dagjui
450 4104 593 4200 possit,
621 4125 786 4202 numque
803 4097 1042 4204 ejnsnatura
1058 4101 1330 4202 experimentis
1359 4095 1558 4177 dilucidari
1573 4100 1614 4176 et
1628 4092 1681 4174 ob
1698 4096 1834 4175 oculos
1849 4103 1943 4199 poui
1960 4102 2086 4202 queat.
2117 4172 2121 4180 .

1027 4345 1104 4424 que
1120 4343 1226 4404 verre
1240 4344 1377 4405 avesa

428 4475 516 4550 dam
544 4472 692 4552 Viridet
717 4474 790 4575 (de
817 4478 939 4577 prima
966 4476 1141 4552 coctione
1168 4501 1207 4577 p.
1236 4479 1287 4555 27
1291 4473 1358 4574 0),
1384 4477 1442 4550 uti
1470 4475 1639 4568 constat,
1668 4469 1778 4550 cibos
1794 4477 1835 4551 in
1853 4472 2114 4553 cuniculorum
2163 4529 2165 4534 -

295 4600 478 4675 intestirm
505 4625 623 4676 coeco
651 4625 771 4704 aeque
798 4608 913 4705 atque
935 4603 975 4675 in
998 4598 1210 4678 ventriculo
1234 4624 1430 4696 acescere,
1459 4603 1492 4673 si
1519 4601 1559 4672 in
1586 4600 1691 4673 teum
1709 4601 1891 4675 intestino
1919 4598 2114 4678 neutrales

295 4721 457 4819 tuerint,
497 4720 726 4802 observavit.
781 4723 899 4816 Quod
937 4724 1226 4826 pbaeuomcnon
1260 4726 1398 4826 postea
1430 4725 1584 4826 saepius
1617 4722 1879 4799 confirmatum
1913 4722 2115 4829 denuoque

148 4914 155 4922 ,
295 4843 558 4948 observatum,
595 4852 748 4927 minime
781 4875 873 4926 vero
907 4847 991 4955 ejus
1024 4870 1150 4928 nexus
1177 4851 1218 4925 et
1242 4875 1333 4926 vera
1365 4846 1532 4949 dignitas
1565 4851 1780 4925 accuratius
1805 4849 1984 4950 reputata
2010 4850 2113 4927 snut.

295 4972 542 5058 Manifestum
569 4979 668 5055 enim
696 4977 775 5073 est,
804 4970 977 5051 ciborum
1003 4978 1044 5052 in
1070 4972 1281 5053 ventriculo
1309 4973 1554 5052 mutationem
1580 4976 1736 5052 nonnisi
1752 4976 1912 5076 primam
1930 4970 2115 5076 digestio·
2269 4988 2273 4996 '
