4830 6188
1166 401 1221 489 18

406 684 542 752 Onaso
568 683 763 793 proximo
785 674 930 764 sobrie
963 697 1011 777 ex
1043 675 1226 743 dioensis
1259 676 1511 763 digestionis
1538 675 1731 765 periodis
1764 676 1988 748 derivator.

428 851 538 924 Nune
565 869 659 920 nero
687 868 738 918 ex
764 834 825 916 bis
854 836 1187 949 obseryationibus
1215 836 1481 944 pluribusque,
1511 866 1607 944 quae
1635 866 1681 916 eo
1710 842 1943 942 pertineant,
1982 836 2101 919 rebus

221 1074 224 1079 ι
296 967 571 1072 singularibus,
614 993 711 1069 quas
743 992 845 1040 nnnc
871 990 1027 1041 narrare
1056 965 1214 1066 longum
1241 969 1318 1060 est,
1343 965 1398 1039 ·id
1425 964 1515 1041 mihi
1541 958 1739 1041 videbatur
1757 965 1866 1042 effici
1893 967 1987 1043 duas
2001 992 2102 1065 ,esse

295 1101 333 1171 in
366 1098 449 1169 toto
483 1117 670 1195 processu
704 1087 902 1192 digerendi
933 1087 1117 1189 periodos
1154 1088 1215 1166 vel
1251 1087 1418 1190 gradus,
1457 1072 1657 1165 admodum
1696 1092 1796 1166 inter
1835 1119 1877 1167 se
1917 1091 2103 1188 diversos,
2258 1168 2263 1177 ,

294 1224 528 1320 invicemque
552 1245 594 1292 se
618 1206 843 1315 srrpplentes
865 1217 978 1315 atque
1002 1216 1258 1314 integrantesa
1291 1211 1448 1289 alteram
1470 1213 1668 1289 ventriculi
1698 1218 1943 1318 intestinique
1963 1219 2102 1310 tonnis,
2248 1254 2254 1265 ·

204 1383 211 1400 .
295 1342 454 1418 alteram
483 1340 562 1417 coli.
584 1343 827 1440 intestinique
855 1342 959 1414 coeci
988 1337 1239 1439 digestionem
1267 1337 1659 1438 comprehendentem.
1716 1338 1828 1430 Quae
1855 1344 1953 1415 enim
1980 1342 2104 1413 inviu-

141 1488 147 1501 ‘
296 1471 439 1541 tostino
468 1490 585 1539 coeco
614 1464 759 1538 functio
787 1460 985 1544 ventriculi
1013 1461 1145 1538 altero.
1161 1459 1287 1561 gradu
1311 1468 1435 1563 repeti
1461 1455 1610 1564 incipit,
1638 1468 1700 1539 eui
1726 1490 1812 1539 cum
1839 1464 2034 1539 iunctione
2047 1467 2104 1538 in·

296 1594 427 1666 tostini
453 1591 575 1663 crassi
603 1585 733 1661 eadem
760 1586 841 1663 sero
867 1587 929 1661 est
955 1589 1053 1661 ratio
1081 1612 1126 1661 ao
1153 1584 1363 1661 ventriculo
1397 1614 1482 1662 cnm
1513 1590 1636 1682 tenui,
1669 1592 1820 1663 minime
1852 1586 1966 1691 bajus
1999 1587 2104 1688 dige

296 1717 456 1790 stiouem
472 1713 670 1785 continuat
686 1707 745 1784 vel
772 1706 954 1805 absolvit,
983 1709 1069 1805 sed,
1098 1736 1230 1813 quum,
1250 1737 1356 1812 ,quae
1376 1738 1422 1786 eo
1444 1714 1726 1806 contineantur,
1755 1738 1801 1787 ea
1828 1691 1954 1788 denno
1981 1710 2105 1786 altero

274 1842 406 1942 ¹quasi
433 1834 558 1936 gradu
586 1829 848 1930 elaborentur,
877 1838 915 1910 et
943 1861 1034 1910 sarae
1062 1837 1212 1935 spontis
1240 1836 1301 1909 est
1328 1838 1366 1909 et
1392 1831 1608 1910 absolutum
1635 1840 1675 1910 in
1704 1863 1746 1910 sc
1774 1840 1859 1937 ipsa
1886 1832 2000 1911 babet
2025 1862 2105 1909 mu·

296 1990 381 2037 nus.
438 1958 529 2050 Quo
557 1963 594 2031 in
622 1984 764 2059 genere
791 1957 830 2033 id
857 1962 1008 2058 insigne
1037 1984 1129 2033 sane
1156 1953 1354 2034 videbatur
1368 1962 1534 2052 evenire,
1568 1958 1686 2065 quo‘d,
1715 1958 1867 2061 qnando
1881 1961 2105 2061 inciperent,

300 2112 396 2189 quae
424 2079 718 2158 continebantur
744 2084 926 2158 intestino
955 2108 1090 2176 coeco,
1130 2084 1274 2158 intrare
1305 2080 1419 2157 colon
1454 2081 1708 2178 adscendens,
1749 2087 1824 2158 nisi
1856 2080 1951 2159 cibis
1979 2083 2105 2159 denuo

299 2212 458 2309 sumptis
484 2203 714 2282 turbabatur
740 2233 946 2307 processus
973 2208 1151 2308 uterque,
1191 2208 1327 2282 iterum
1354 2202 1443 2281 bilis
1471 2202 1614 2298 {luebat
1641 2209 1809 2308 satisque
1837 2205 2011 2283 celeriter
2037 2231 2108 2308 per
2122 2248 2132 2259 ··

219 2380 222 2386 ·
296 2335 417 2408 totum
444 2332 664 2407 intestinum
691 2333 804 2407 tenue
831 2326 1032 2426 manabat,
1055 2327 1178 2405 donec
1206 2331 1245 2405 et
1271 2335 1413 2430 ipsein
1433 2356 1550 2407 coeco
1571 2333 1857 2431 congereretur.
1913 2333 2004 2421 Qua
2027 2357 2107 2406 non
2257 2356 2264 2367 ·

269 2455 478 2557 impediis
504 2456 674 2529 intestini
702 2461 807 2531 coeci
835 2456 979 2531 iunctio
1008 2434 1204 2553 aptissime
1231 2481 1277 2529 ac
1311 2459 1393 2529 sine
1425 2453 1504 2530 nlla
1536 2452 1610 2529 coli
1642 2453 1892 2556 palpitatione
1907 2452 2043 2541 ,fiebat
2069 2456 2109 2529 et
2157 2456 2180 2523 .’

298 2577 458 2656 liberum
485 2578 569 2654 iore
596 2574 695 2653 febri
723 2577 819 2655 diem
847 2582 1041 2680 perpetem
1068 2579 1240 2678 poteram
1269 2604 1435 2677 sperare.
1490 2580 1550 2654 Eo
1578 2578 1726 2680 quidem
1755 2578 1867 2655 modo
1895 2583 2108 2654 innotuisse

298 2702 450 2780 tandem
478 2702 567 2777 mibi
596 2730 747 2778 causam
775 2705 1031 2804 antagonismi
1057 2700 1177 2797 iltius,
1207 2701 1253 2777 de
1282 2728 1357 2804 qua
1384 2702 1612 2802 supradixi,
1640 2705 1740 2780 inter
1754 2702 2006 2804 digestionem
2019 2728 2107 2777 ven·

297 2827 424 2931 tricnli
450 2829 693 2929 intestinique
721 2831 841 2902 crassi
868 2823 1047 2902 arbitror.

432 2948 540 3039 Cibis
567 2956 666 3028 enim
692 2955 792 3029 inter
818 2954 964 3026 initium
992 2953 1153 3025 actionis
1179 2951 1350 3031 intestini
1377 2954 1498 3026 crassi
1512 2952 1690 3051 sumptis,
1717 2949 1769 3027 sel
1788 2948 2024 3028 retinebatur
2036 2977 2107 3027 nee

300 3080 420 3178 prius,
449 3101 559 3177 quam
590 3076 746 3179 chpmus
774 3102 796 3152 o
822 3073 1033 3152 ventriculo
1062 3079 1100 3148 in
1122 3072 1343 3184 ⁸duodenum
1370 3076 1548 3170 intraret,
1576 3078 1631 3150 iia
1656 3067 1815 3172 fluebat,
1858 3079 1900 3151 ut
1925 3103 2003 3151 nnn
2031 3102 2108 3150 am·

299 3200 401 3300 plius
429 3178 468 3275 in
497 3198 748 3300 digestionem
775 3203 897 3274 crassi
923 3204 997 3273 rim
1024 3223 1130 3273 suam
1164 3200 1299 3299 posset
1316 3223 1524 3275 exserere.
1580 3199 1711 3290 Quare
1745 3227 1860 3276 causa
1890 3200 2109 3302 palpitatio·
2181 3248 2185 3257 ·

302 3327 362 3398 nis
391 3322 652 3425 spasmodicae
679 3323 781 3398 illins
808 3327 978 3400 intestini
1006 3326 1126 3398 crassi
1154 3322 1314 3398 maxime
1342 3325 1382 3396 in
1410 3349 1456 3398 eo
1484 3321 1575 3397 mibi
1599 3320 1801 3398 'ridebatur
1827 3328 1972 3422 inesse,
2005 3322 2108 3427 (prod

302 3447 370 3544 sel,
398 3450 600 3551 postquam
629 3444 704 3522 cibi
732 3447 854 3523 altero
881 3445 1006 3549 gram
1033 3443 1220 3522 elaborati
1248 3447 1402 3521 suntin
1431 3445 1615 3549 ebymum,
1645 3444 1932 3523 desiderabatur
1949 3454 1988 3523 in
2012 3451 2109 3523 inte-

301 3577 402 3649 stino
430 3599 565 3668 coeco,
607 3599 695 3647 narn
721 3569 805 3675 ejus
833 3570 958 3647 aditus
986 3569 1034 3646 ad
1060 3571 1134 3647 boc
1162 3566 1399 3671 exposcebat
1424 3569 1473 3645 ad
1506 3566 1671 3647 liberum
1703 3574 1905 3678 transitum
1938 3575 2108 3648 intestini
2203 3660 2208 3675 Ι

300 3702 426 3774 tenuis
452 3700 682 3772 inanitatem.
1146 3795 1152 3805 .
1471 3776 1474 3781 ,

437 3822 564 3913 Quam
594 3824 713 3922 igtur
738 3819 1005 3924 physiologica
1025 3818 1177 3922 ¹aliquot
1199 3843 1323 3920 opera
1351 3817 1527 3919 amplexa
1554 3821 1644 3893 sunt
1671 3822 1913 3917 sententiam,
1945 3820 2108 3897 sanctio·

303 3972 388 4021 nem
416 3950 585 4023 intestini
614 3947 735 4019 crassi
765 3970 1080 4045 supervacaneam
1114 3948 1222 4046 quasi
1249 3970 1371 4047 neque
1399 3947 1552 4018 omnino
1581 3949 1834 4019 necessariam
1862 3971 1948 4020 esse
1973 3943 2023 4020 ad
2049 3949 2109 4020 to·

304 4075 382 4145 tum
411 4067 608 4170 digerendi
635 4094 876 4170 processum,
906 4076 994 4144 eam
1017 4065 1193 4143 omnibns
1222 4094 1352 4144 carere
1381 4070 1616 4169 argumentis
1645 4062 1778 4161 exiis,
1808 4094 1902 4172 quas
1929 4069 2111 4170 explicui,

220 4268 225 4279 ,
306 4188 635 4271 observationibus
657 4193 864 4270 clarissime
878 4195 995 4293 patet.
1051 4193 1179 4284 Quum
1207 4195 1331 4269 autem
1358 4192 1420 4267 bic
1445 4219 1523 4267 non
1552 4192 1666 4269 liceat
1691 4192 1907 4269 accuratius
1931 4199 2109 4298 persequi

305 4342 350 4390 ac
375 4342 588 4413 recensere,
616 4346 712 4422 quae
726 4315 822 4393 alias
850 4312 1143 4412 observarerim,
1170 4343 1243 4392 uec
1269 4322 1308 4391 in
1336 4344 1398 4413 ea,
1432 4344 1528 4419 quao
1555 4321 1594 4392 in
1622 4344 1695 4391 ano
1722 4315 1910 4394 artificiali
1936 4318 2110 4393 accidant
2160 4327 2164 4333 '

297 4468 350 4529 ‚ac
375 4437 596 4545 plerumque
624 4468 939 4542 supervacaneam
967 4468 1053 4517 esse
1079 4444 1199 4517 totam
1226 4440 1457 4519 functionem
1484 4444 1654 4516 intestini
1688 4448 1808 4519 crassi
1840 4441 2013 4517 dicantur
2045 4442 2109 4519 de·

305 4566 536 4659 monstrare,
564 4570 724 4665 propius
750 4572 958 4670 inquirere,
986 4565 1025 4644 id
1053 4569 1146 4642 satis
1173 4561 1297 4643 babeo
1324 4592 1516 4662 narrasse,
1543 4569 1715 4641 naturam
1749 4567 1984 4669 figuramque
2012 4572 2109 4644 inte·

307 4692 491 4764 stinorum
517 4693 624 4765 coeci
652 4693 691 4764 et
717 4690 791 4765 coli
817 4697 856 4765 in
884 4690 1012 4768 multis
1039 4688 1298 4768 mammalibus
1326 4696 1437 4768 etiam
1464 4692 1627 4766 externa
1652 4690 1777 4766 torma
1802 4694 2029 4765 accuratam'
2042 4719 2109 4767 ex·

305 4817 467 4912 primere
495 4818 697 4920 imaginem
724 4814 923 4889 ventriculi
950 4819 1191 4917 intestinique
1227 4820 1368 4909 tenuris,
1403 4818 1456 4889 ita
1483 4817 1525 4888 ut
1552 4813 1612 4890 hic
1639 4815 1875 4891 manifestam
1903 4818 2021 4890 totius
2048 4844 2108 4891 ra-

236 5022 239 5027 ,
307 4940 422 5012 tionis
449 4937 614 5038 effigiem
648 4940 759 5013 etima
787 4964 836 5013 ex
864 4930 1199 5014 instrumentorum
1227 4942 1509 5015 constructione
1543 4937 1613 5016 tibi
1639 4944 1768 5040 possis
1796 4938 1974 5016 formare.
