4830 6188
1083 385 1301 478 .38’

295 576 567 660 alcalasceutia
593 575 744 656 obtulit.
798 572 921 654 illlam
947 603 1059 673 vero,
1099 581 1134 656 si
1165 577 1215 654 ad
1247 603 1416 655 coecum
1430 575 1602 658 defluens
1628 578 1777 656 acidum
1793 578 2130 678 nutrimentorum,

131 761 134 774 ·
295 714 336 786 in
363 736 410 785 eo
439 687 706 783 contentorum
732 698 966 800 bebesaciat,
992 706 1032 778 iu
1059 706 1146 804 ipso
1174 696 1357 781 intestino
1386 705 1493 781 tenui
1518 708 1686 781 existere
1714 700 1871 801 debere,
1913 709 1953 779 in
1980 707 2113 805 aprico

296 835 368 913 ast.
422 830 572 909 Deinde
605 826 721 933 hujus
753 825 918 904 cuniculi
950 829 1134 904 intestino
1166 853 1238 929 per
1269 831 1390 905 toturn
1422 828 1701 931 longitudinem
1729 832 1875 924 inciso,
1916 827 2112 929 humorem

138 986 144 993 ·
298 964 469 1035 sincerae
509 951 579 1032 bili
611 949 839 1029 simillimum
872 948 1124 1056 aequabiliter
1155 980 1226 1057 per
1256 956 1380 1029 totum
1411 955 1633 1030 intestinum
1660 951 1838 1029 diffusum
1866 951 2116 1054 deprehendi.

296 1086 388 1177 Quo
420 1082 524 1188 iacto
566 1075 722 1155 chartae
755 1077 953 1155 caeruleae
979 1080 1020 1153 et
1046 1063 1191 1154 ¹rubrae
1222 1077 1432 1179 particulas
1465 1083 1613 1178 passim
1644 1083 1684 1154 in
1712 1076 1913 1180 superficie
1940 1081 2115 1154 intestini

295 1214 447 1288 iuterna
474 1205 664 1306 disposui,
691 1229 851 1306 quarum
877 1199 965 1277 illae
992 1225 1179 1303 nusquam
1213 1199 1262 1277 ab
1291 1205 1399 1278 initio
1433 1198 1522 1278 iude
1554 1200 1603 1277 ad
1638 1199 1751 1278 finem
1783 1205 1955 1280 intestini
1992 1205 2114 1287 muta·

296 1333 456 1427 bantur,
484 1331 557 1409 bae
583 1355 675 1404 vero
703 1354 782 1402 uon
810 1351 940 1422 secus,
968 1352 1014 1402 ac
1042 1329 1078 1405 si
1103 1323 1201 1402 felle
1220 1351 1319 1428 puro
1346 1323 1625 1422 imbuerentur,
1654 1325 1979 1405 caeruloscebant

431 1455 635 1534 Contraria
660 1456 699 1528 iu
728 1447 863 1527 ovibus
891 1453 1004 1555 atque
1031 1445 1196 1526 boribus
1223 1476 1284 1525 me
1310 1454 1550 1528 inventurum
1578 1479 1664 1528 esse
1690 1458 1838 1556 putavi,
1867 1457 1900 1529 si
1919 1450 1968 1528 ad
1982 1479 2112 1528 necem

297 1582 378 1664 iere
405 1576 547 1683 pabula
574 1582 623 1654 iis
650 1575 974 1677 suppeditassem,
1016 1600 1128 1679 quam
1155 1578 1411 1674 suspicionem
1445 1581 1600 1652 omniuo
1634 1576 1894 1654 confirmatam
1924 1576 2013 1653 vidi.
2066 1579 2112 1652 lu
2168 1625 2177 1636 ι

210 1788 211 1793 ,
297 1734 414 1787 coeco
440 1685 636 1781 intestino¹
652 1697 764 1777 boris
791 1697 907 1801 paulo
934 1703 1026 1800 post
1051 1701 1203 1802 pastum
1231 1702 1348 1775 occisi
1374 1698 1570 1796 alimenta,
1600 1728 1697 1803 quae
1715 1704 1807 1804 post
1817 1699 2007 1806 jejunium
2021 1727 2114 1778 uen-

193 1818 197 1825 ’
295 1839 357 1911 tra
383 1831 555 1925 fuerant,
583 1824 706 1903 acida.
719 1821 975 1926 apparebant,
1001 1822 1042 1901 id
1066 1821 1172 1927 quod
1197 1827 1238 1899 in
1266 1848 1336 1900 ove
1363 1826 1478 1901 etiarn
1506 1823 1719 1904 observavi.
2193 1825 2196 1829 ’

816 2069 1004 2132 consideratur
1025 2079 1133 2131 creatus
1154 2072 1320 2152 superiorum
1341 2073 1588 2152 experimentorum·

430 2202 639 2283 Pensitatis
665 2192 938 2303 experimentis
966 2197 1249 2304 superioribus,
1291 2229 1364 2304 pro
1392 2199 1597 2304 explorato
1631 2199 1766 2300 bubni,
1805 2199 1939 2298 bilem,
1974 2199 2113 2305 jejuno

220 2357 248 2396 ά
296 2328 507 2412 ventriculo
541 2334 581 2433 iu
615 2328 752 2428 hepate
787 2328 991 2422 secretam,
1031 2351 1111 2401 nou
1144 2352 1293 2402 omnem
1326 2330 1367 2402 in
1399 2325 1605 2404 vesiculam
1642 2325 1793 2404 felleum
1825 2326 2002 2428 congeri,
2044 2324 2114 2401 sed
2256 2371 2272 2391 -.

296 2461 442 2563 partem
471 2481 518 2532 eo
547 2453 780 2555 congestam.
798 2450 916 2527 multo
944 2456 1128 2527 minorem
1143 2477 1244 2528 esse
1272 2476 1341 2544 ea,
1367 2478 1464 2554 quae
1489 2450 1628 2558 jejuno
1660 2451 1871 2529 ventriculo
1903 2455 1943 2527 iu
1971 2448 2114 2527 duode-

297 2611 388 2661 num
421 2575 640 2657 effundatur
671 2575 834 2681 indeque
870 2574 1027 2676 lougius
1064 2580 1346 2677 promoveatur.
1413 2577 1505 2668 Qua
1542 2575 1819 2654 observatione
1847 2573 2116 2652 adminiculum

297 2706 388 2785 mihi
415 2705 632 2805 comparari
664 2728 749 2777 cum
783 2702 973 2776 contentis
1005 2702 1178 2777 intestini
1210 2704 1315 2778 coeci
1342 2701 1558 2778 animalium
1585 2730 1658 2806 pro
1684 2698 1862 2798 arbitrio,
1889 2704 1915 2776 i.
1936 2727 1970 2776 e.
1995 2702 2115 2801 prout

46 2930 52 2942 ι
141 2830 144 2835 ’
177 2906 182 2915 ,
296 2828 440 2936 pabula
471 2827 546 2905 boc
578 2828 693 2930 atque
719 2824 786 2901 illo
819 2828 993 2927 tempore
1025 2822 1264 2922 exhiberem,
1296 2824 1356 2903 vel
1396 2824 1544 2903 acidam
1580 2826 1641 2904 vel
1679 2827 1854 2903 neutram
1889 2824 1950 2903 rel
1982 2823 2113 2930 alcali-

222 3029 226 3036 ,
296 2983 384 3034 nam
415 2949 583 3031 indolem
608 2947 930 3047 communicandi.
984 2947 1138 3040 Quodsi
1169 2955 1269 3029 enim
1296 2949 1474 3029 animalia
1504 2953 1606 3030 inter
1637 2948 1809 3041 ciborum
1842 2950 2137 3056 ouydatiouem¹

296 3088 336 3163 iu
363 3104 481 3157 coeco
509 3078 647 3152 iterum
674 3074 903 3176 pascuntur,
929 3070 1020 3150 bilis
1048 3073 1183 3178 chymo
1210 3074 1339 3171 acido,
1367 3103 1388 3152 e
1415 3077 1628 3153 ventriculo
1650 3075 1703 3181 ad
1721 3078 1941 3151 intestinum
1956 3074 2113 3152 descen-
2267 3073 2270 3077 ⁴

277 3190 419 3299 denti,
461 3198 696 3277 absorbetur
728 3200 767 3274 et
799 3202 905 3274 coeci
938 3200 1120 3275 contenta
1152 3199 1263 3276 acida
1294 3203 1466 3298 maneutq
1508 3198 1639 3277 eadem
1670 3227 1761 3276 vero
1792 3202 1930 3276 neutra
1959 3197 2112 3304 bileque

195 3312 198 3317 ³
280 3329 504 3433 *superante
531 3322 694 3401 alcaliua
719 3320 947 3434 redduntur,
976 3325 1010 3398 si
1037 3321 1265 3400 diuturniori
1284 3321 1435 3427 jejunio
1462 3323 1640 3400 animalia
1664 3320 1951 3402 submittuntur.

430 3456 602 3553 Aequum
640 3449 760 3548 igitur
797 3449 881 3524 erat
920 3449 1127 3549 suspicari,
1168 3453 1220 3544 si,
1262 3451 1412 3533 secreta
1441 3442 1532 3524 bilis
1565 3453 1745 3550 portione
1776 3453 1899 3546 certa,
1939 3446 2111 3527 ciborum

297 3577 489 3687 quantitas
523 3556 579 3650 illi
612 3573 871 3648 consentanea
902 3571 1072 3672 perfecte
1104 3576 1232 3674 possit
1264 3571 1406 3675 digeri,
1445 3574 1501 3649 ita
1526 3571 1697 3676 quidem,
1715 3628 1717 3633 -
1736 3574 1780 3649 nt
1804 3576 1882 3649 hm
1912 3573 2113 3653 ventriculi

296 3731 408 3811 quam
435 3701 607 3777 intestini
634 3699 740 3773 coeci
765 3695 912 3772 acidum
927 3693 1124 3793 babebat,
1156 3695 1241 3772 fieri
1266 3721 1402 3797 posse,
1427 3698 1472 3772 ut
1497 3699 1813 3774 nutrimentorum
1840 3703 2022 3776 continua
2048 3700 2119 3779 de«
2187 3690 2190 3696 ⁵

297 3830 505 3905 minutione
531 3821 592 3899 rel
619 3821 826 3925 augmento
854 3825 946 3921 post
972 3820 1306 3922 lougiustempus
1332 3815 1415 3917 tubi
1443 3817 1578 3897 cibarii
1604 3825 1724 3898 totius
1737 3825 1919 3902 contenta
1929 3824 1990 3901 vel
2002 3853 2112 3927 prae·

154 3941 160 3949 ’
295 3952 444 4030 valente
471 3946 582 4025 acida
607 3944 668 4023 rel
695 3942 857 4021 alcaliua
882 3943 1012 4022 indole
1039 3941 1271 4024 imbuantur.
1326 3946 1507 4046 (temperi
1533 3948 1679 4044 tamem
1706 3947 1987 4050 praevalentem
2011 3948 2112 4027 alca

191 4120 220 4145 a
263 4147 274 4173 q.
295 4078 517 4157 leseentiam
545 4077 584 4149 in
611 4065 791 4147 omuibus
817 4066 966 4171 quidem
980 4063 1224 4165 animalibus,
1252 4070 1355 4144 victu
1368 4066 1577 4167 subducto,
1604 4097 1677 4174 pro
1691 4069 1852 4149 arbitrio
1867 4073 1966 4151 ellici
1979 4099 2110 4176 posse,

233 4211 236 4218 ”
295 4197 494 4282 cuniculos
511 4199 636 4276 autem
652 4191 879 4272 berbivoros
898 4219 969 4295 per
992 4196 1267 4278 contumaciam
1284 4194 1506 4291 instinctus,
1534 4221 1610 4299 quo
1635 4194 1853 4274 dominante
1871 4202 1915 4274 ut
1936 4202 1977 4275 iu
2004 4205 2111 4277 cocci

296 4327 513 4430 digestione
548 4319 598 4402 ab
633 4322 735 4399 omui
764 4314 850 4395 cibo
878 4314 1107 4421 {abstineant
1136 4315 1328 4413 serantur,
1361 4317 1597 4399 artificialem
1630 4317 1732 4400 illam
1765 4327 2018 4402 acescentiam
2050 4344 2132 4403 re·'

293 4456 498 4554 stringere.
1125 4445 1131 4458 ’
1523 4448 1526 4452 ’

1049 4694 1125 4764 Ea
1146 4696 1259 4762 erim.
1294 4693 1349 4765 li.

429 4821 617 4903 Cuniculo
644 4836 715 4923 p'er
739 4820 857 4898 boras
884 4826 1045 4924 triginta
1072 4718 1143 4898 scil
1176 4824 1409 4899 nutrimenta
1436 4817 1617 4898 subduxi.
1674 4821 1815 4899 Totins
1846 4820 1931 4901 tubi
1961 4829 2110 4904 intesti-

120 4944 127 4958 ’
293 4952 392 5031 nelis
413 4953 633 5053 congesta,-
666 4975 691 5023 a
717 4944 896 5023 duodeno
928 4945 1018 5024 inde
1044 4943 1300 5055 adtractum,-
1327 4943 1527 5025 alculluam
1561 4949 1794 5024 reactionem
1820 4953 2116 5050 praeaeternae·
