4830 6188
1187 401 1219 501 4

260 660 271 667 -
302 604 401 681 ctam
419 598 601 678 scientiae
625 584 811 675 naturalis
837 593 1097 698 cognitionem
1122 591 1348 689 medicinam
1373 590 1600 672 antecedere
1625 618 1785 673 necesse
1798 596 1870 694 -sit,
1896 621 1982 677 cum
1999 595 2117 706 hujus

204 721 234 763 Ψ
303 725 456 805 defectu
482 722 595 802 simul
620 718 899 799 incommodum
923 719 1170 823 imperfectae
1196 719 1317 797 totius
1345 720 1526 796 scientiae
1554 718 1798 824 conjunctum
1826 721 1910 800 fuit.

363 936 369 950 ‚
434 851 666 926 Nostrorum
691 873 784 924 vero
810 848 1024 948 temporum
1051 847 1212 923 interest
1242 843 1526 949 physiologiam
1563 871 1643 920 non
1677 845 1800 921 solum
1837 851 1960 951 ipsius
1993 847 2118 950 perie-

304 979 460 1072 ctionis,
488 971 691 1061 sedetiam
717 970 924 1049 medicinae
953 997 1069 1047 causa
1096 969 1291 1067 excolere,
1318 972 1374 1045 ita
1400 972 1443 1044 nt
1468 996 1559 1046 vera
1585 967 1792 1047 medicinae
1817 999 1909 1072 pars
1922 970 2117 1078 reddatur.

439 1098 569 1190 Quium
598 1123 695 1201 qnae
724 1094 770 1172 do
797 1095 867 1172 hac
894 1093 1161 1200 physiologiae
1189 1098 1229 1173 et
1254 1093 1463 1170 medicinae
1490 1096 1682 1195 practicae
1707 1097 1856 1174 ratione
1884 1095 2029 1193 valent,
2056 1123 2120 1173 va·

303 1222 409 1302 leant
447 1225 561 1300 etiam
601 1221 648 1298 de
681 1220 795 1326 hujus
827 1218 1003 1325 partibus
1042 1222 1142 1295 inter
1175 1247 1236 1316 se,
1277 1219 1420 1295 factum
1453 1219 1515 1294 est
1545 1222 1590 1296 ut
1620 1223 1849 1323 nuperrimis
1881 1217 2120 1324 temporibus
2228 1260 2238 1271 -

304 1349 463 1426 multum
497 1347 735 1448 disputatum,
762 1347 830 1440 sit,
863 1371 953 1419 nrrm
986 1341 1193 1419 medicinae
1228 1346 1268 1420 et
1295 1342 1512 1443 chirurgiae
1540 1344 1707 1421 studium
1734 1343 2044 1448 conjungendum
2071 1373 2122 1424 an

306 1471 558 1577 separandum
573 1473 634 1546 sit.
690 1469 836 1547 Eodem
850 1466 965 1544 modo
992 1471 1115 1568 magis
1141 1494 1243 1543 nunc
1268 1467 1351 1547 sere
1372 1467 1627 1570 quaerendum
1647 1471 1719 1566 est,
1745 1496 1835 1545 num
1855 1468 2122 1574 physiologiae

144 1625 150 1635 ·
308 1598 472 1675 studium
499 1599 650 1698 utrique
679 1597 731 1670 sit
757 1591 1021 1697 conjunctum,
1055 1618 1139 1667 cum
1165 1618 1190 1666 a
1215 1591 1344 1668 multis
1373 1595 1425 1668 sit
1451 1590 1682 1694 neglectum.
1736 1593 1797 1670 Ad
1827 1592 1898 1670 has
1932 1597 2124 1697 quaestio·

307 1750 377 1800 nes
409 1719 613 1797 solvendas
645 1721 813 1823 pertinet
844 1717 978 1794 harum
1011 1714 1295 1817 disciplinarum
1336 1717 1506 1792 mutuum
1538 1717 1728 1794 vinculum
1767 1706 1886 1821 atque
1925 1723 2125 1821 reciproca

306 1852 418 1924 ratio.
473 1842 685 1920 Medicinae
713 1844 752 1918 et
779 1841 994 1944 chirurgiae
1022 1840 1236 1918 differentia
1261 1840 1310 1918 ad
1337 1843 1458 1918 artem
1485 1839 1600 1918 modo
1628 1840 1810 1920 medicum
1838 1846 2017 1946 pertinet,
2044 1869 2124 1922 non

242 2012 243 2016 ¹
307 1970 357 2048 ad
383 1971 591 2047 scientiam.
647 1965 765 2059 Quod
785 1965 867 2071 jam
897 1965 1035 2042 Celsus
1064 1965 1254 2043 distinctis
1280 1964 1460 2043 indicarit
1491 1965 1596 2044 hisce
1628 1963 1775 2044 verbis:
1806 1971 1847 2044 in
1879 1970 1961 2045 tres
1993 1973 2123 2071 partes

31 2086 34 2092 ¹
174 2167 179 2172 .
309 2094 494 2172 medicina
522 2091 673 2168 diducta
699 2094 777 2188 est,
805 2092 848 2166 ut
875 2117 951 2165 una
979 2092 1082 2166 esset
1109 2116 1209 2193 quae
1232 2094 1351 2187 victu,
1393 2089 1515 2166 altera
1548 2117 1644 2193 quae
1671 2089 1971 2190 medicamentis,
2001 2092 2121 2171 ¹tertie
2268 2173 2272 2178 ,

310 2247 406 2324 quae
432 2244 550 2304 manu
573 2215 799 2292 mederetur.
853 2217 996 2291 Verum
1023 2208 1099 2290 hoc
1124 2217 1152 2288 ii
1177 2218 1483 2316 nuperrimorum
1507 2218 1860 2317 praetermiserrmt,
1890 2221 1967 2320 qui,
1996 2243 2121 2320 quam·

98 2348 101 2353 ’
202 2387 206 2393 ·
310 2341 653 2449 quammedicinae
677 2342 716 2416 et
739 2339 956 2441 chirurgiae
981 2338 1146 2414 studium
1171 2337 1416 2443 conjunctum
1440 2366 1527 2416 esse
1550 2339 1696 2436 volunt,
1721 2343 1846 2418 tamen
1871 2341 2030 2418 alteram
2052 2369 2123 2446 pro

311 2469 513 2571 disciplina
537 2461 746 2541 omnihus
771 2460 947 2567 partibus
971 2490 995 2539 a
1013 2461 1199 2540 medicina
1223 2463 1404 2542 distincta
1421 2460 1582 2562 hahent,
1615 2465 1720 2570 quod
1748 2493 1828 2543 non
1855 2465 1957 2543 valet
1978 2459 2053 2547 nisi
2076 2467 2124 2545 de

305 2592 503 2672 ‘artificiali
532 2589 615 2695 ejus
639 2592 760 2692 parte.
820 2590 917 2665 Nam
949 2591 1110 2666 scientia
1141 2587 1291 2692 quidem
1323 2589 1539 2691 chirurgica
1569 2617 1594 2667 a
1623 2589 1810 2669 medicina
1842 2589 1991 2668 diversa
2021 2591 2127 2669 nulle

311 2719 472 2797 exstitit.
531 2717 603 2791 llis
633 2711 848 2790 observatis
878 2715 918 2790 et
941 2716 1102 2790 scientia
1123 2711 1270 2817 medica
1286 2741 1333 2790 ac
1355 2713 1590 2815 chirurgica,
1623 2741 1708 2791 cnm
1731 2717 1893 2818 utraque
1916 2716 2050 2794 iisdem
2072 2713 2126 2792 le·

313 2840 432 2946 gibus,
456 2838 712 2942 obtemperet,
741 2843 783 2916 in
812 2865 927 2923 unam
958 2841 1168 2915 contractis
1201 2843 1240 2916 et
1269 2840 1456 2942 separatis
1479 2837 1742 2915 tantummodo
1766 2843 1861 2917 artis
1885 2844 2126 2921 exercitatio·

113 2940 151 3003 Ψ
228 2990 237 3063 f
277 2964 444 3062 ·nihus,
472 2969 670 3067 utriusque
698 2963 864 3039 studium
889 2961 1038 3038 facilius
1056 2965 1095 3038 et
1121 2966 1205 3038 tota
1232 2964 1418 3041 medicina
1439 2963 1681 3069 conjunctior
1696 2964 1753 3040 tit.
1903 2973 1906 2976 ’

447 3095 544 3168 Cum
567 3093 728 3192 utraque
757 3092 882 3165 autem
911 3091 1035 3188 magis
1065 3090 1177 3164 etiam
1204 3087 1450 3193 physiologia
1475 3093 1530 3165 ita
1557 3087 1763 3193 conjuncta
1795 3094 1872 3187 est,
1912 3091 1957 3167 ut
1993 3069 2140 3169 onrrrcsv

313 3218 494 3293 scientiae
522 3216 653 3316 partes
689 3239 738 3287 ex
768 3238 814 3288 ea
841 3215 950 3314 quasi
976 3211 1126 3289 radices
1154 3211 1326 3311 trahant,
1365 3215 1405 3290 ct
1431 3241 1502 3316 per
1529 3218 1652 3315 ipsam
1680 3218 1720 3289 in
1748 3242 1864 3290 unum
1892 3242 2034 3318 corpus
2063 3244 2127 3293 co-

301 3339 503 3447 pulentur.
559 3340 702 3413 lterum
731 3339 974 3412 externarum
1002 3342 1041 3412 in
1070 3365 1212 3439 corpus
1240 3336 1442 3415 humanum
1470 3338 1629 3415 etl‘ectus
1656 3366 1736 3415 non
1763 3344 1929 3441 possunt
1950 3340 2125 3444 intelligi,

282 3470 387 3543 ‘uisi
423 3466 580 3567 cognita
611 3446 732 3564 ipsius
766 3464 943 3563 corporis
971 3465 1122 3538 interna
1149 3464 1302 3560 natura,
1335 3462 1605 3567 intellectoque
1640 3462 1822 3540 modoet
1857 3463 2025 3563 ordine,
2048 3493 2126 3572 quo

313 3589 380 3667 illo
405 3617 540 3665 rursus
568 3586 751 3664 adversus
779 3614 841 3663 res
872 3588 1054 3664 externas
1081 3589 1185 3689 agat.
1239 3584 1389 3685 ltlorhi,
1422 3615 1506 3664 cum
1529 3587 1623 3679 nihil
1647 3590 1725 3665 sint
1758 3593 1839 3665 nisi·
1873 3592 2039 3669 mutatae
2066 3619 2127 3668 sa·

314 3717 450 3800 nitatis
471 3716 660 3808 actiones,
690 3711 823 3790 eodem
846 3712 959 3788 modo
983 3739 1004 3788 e
1027 3711 1271 3818 physiologia
1297 3711 1496 3814 repetendi
1525 3714 1632 3809 sunt,
1672 3740 1749 3816 qno
1784 3716 1929 3791 sanitas
1958 3719 1999 3792 in
2027 3741 2127 3792 mor-

268 3860 271 3867 ·
314 3833 406 3914 hum
435 3835 531 3935 ahit,
559 3840 673 3940 atque
701 3837 798 3913 hanc
825 3842 1060 3939 reciprocam
1088 3843 1185 3914 viam
1213 3865 1348 3914 rursus
1374 3837 1561 3915 medicina
1590 3840 1774 3939 sequitur.

448 3965 508 4036 lta
529 3959 809 4065 physiologiam
833 3961 954 4037 solam
976 3960 1222 4063 pathologiae
1239 3961 1472 4039 medicinalis
1489 3989 1535 4039 ac
1552 3959 1789 4063 chirurgicae
1805 3989 1891 4039 osse
1907 3962 2127 4041 fundamen-

316 4093 397 4175 tum
421 4087 561 4188 optime
586 4085 749 4161 historia
770 4082 977 4160 medicinae
1001 4083 1255 4182 demonstrat,
1286 4115 1371 4162 cum
1394 4090 1546 4163 maximi
1570 4082 1654 4188 ejus
1677 4113 1910 4189 progressus
1933 4088 2128 4193 physiolo-

261 4274 264 4279 .
317 4215 403 4317 gice
425 4212 465 4287 et
485 4213 627 4285 inventi
649 4212 688 4287 et
705 4192 847 4287 erculti
863 4212 952 4284 sint.
1005 4213 1192 4312 Magnum
1209 4212 1321 4289 estet
1336 4211 1502 4290 sortasse
1517 4215 1783 4312 gravissimum
1799 4209 1913 4315 hujus
1926 4217 1985 4289 rei
2002 4241 2128 4294 ‹ercem-¹
2277 4208 2284 4217 ’

318 4335 423 4440 plum
451 4333 626 4411 doctrina
649 4334 695 4412 de
719 4336 975 4413 concitatione
998 4336 1207 4439 organica,
1232 4339 1310 4413 tam
1335 4363 1429 4412 sana
1451 4349 1562 4440 quam
1588 4330 1783 4412 morbosa.
1836 4339 1988 4414 Primus
2011 4340 2127 4416 Para-
2231 4363 2244 4443 J

319 4459 445 4551 celsus
474 4454 649 4534 morbum
675 4487 753 4536 non
784 4463 954 4538 veterum
987 4464 1168 4563 opinione
1190 4488 1277 4562 esse
1305 4460 1527 4565 qualitatum
1557 4459 1797 4560 complexum
1818 4461 2027 4561 intellexit,
2057 4465 2126 4541 sad

319 4588 507 4660 actionem
528 4585 804 4685 generatricem
826 4613 851 4662 a
872 4591 989 4663 cansa
1016 4585 1178 4693 quadam
1205 4585 1466 4663 tantummodo
1490 4583 1539 4661 ad
1565 4589 1761 4687 propriam
1787 4584 2127 4671 conformationem

321 4709 557 4810 cxcitatum(
589 4711 687 4787 Nam
720 4735 852 4784 sanam
877 4714 977 4788 ritae
999 4712 1078 4787 tam
1106 4711 1279 4789 animalis
1307 4740 1418 4816 quam
1445 4711 1680 4811 vegetativae
1706 4714 1894 4791 actionem
1921 4711 2127 4812 perfectam

296 4826 302 4833 ’
318 4838 489 4909 renatam
516 4837 624 4936 quasi
646 4836 685 4909 et
705 4833 937 4908 immutatam
953 4839 1134 4915 vimesse
1148 4841 1428 4937 generatricem
1445 4838 1638 4936 cognovit.
1693 4837 1775 4912 llac
1797 4816 1972 4911 doctrina
1987 4863 2011 4913 a
2026 4865 2128 4913 com·

263 5034 268 5039 .
311 4964 422 5065 >muni
446 4962 620 5061 corporis
644 4956 950 5036 consideratione
972 4958 1029 5065 ad,
1045 4959 1224 5062 singulas·
1242 4963 1371 5064 partes
1394 4941 1684 5064 progrediente,
1711 4987 1757 5041 ao
1779 4959 2013 5040 diversarum
2041 4989 2128 5065 par·
