4830 6188
1291 409 1322 500 2

404 615 445 691 et
464 612 656 689 actionum
677 608 875 710 principiis
894 599 1138 708 repetebant,
1164 631 1236 681 nec
1259 608 1435 708 corporis
1460 604 1613 686 humani
1635 610 1862 712 principium
1879 613 1978 689 ritae
1996 616 2036 688 in
2055 638 2218 716 corpore

404 741 491 840 ipso
519 737 651 841 quaeri
677 731 869 809 volebant.
922 734 1056 836 Itaque
1087 726 1310 808 morborum
1337 735 1497 808 naturae
1526 735 1786 834 cognitionem
1800 740 2052 840 segregatam
2074 764 2099 814 a
2119 741 2219 816 ritae

405 888 522 938 sanae
543 848 873 959 investigationem
896 852 1106 952 habebant,
1133 855 1395 958 phaenomena
1422 855 1687 932 tantummodo
1717 864 1936 958 spectantes
1965 889 2089 967 neque
2117 889 2218 940 mor·

34 1002 38 1013 ’
144 1016 147 1023 ·
304 1081 307 1085 ³
405 980 543 1061 borum
567 984 678 1060 uliam
702 1009 855 1078 causam
878 1008 989 1083 quam
1010 986 1183 1083 ipsorum
1210 981 1483 1057 elementorum
1507 980 1710 1084 qualitates
1727 979 1950 1082 probantes.
2006 988 2140 1080 Quare
2156 1015 2219 1063 rc·

404 1114 526 1186 terum
549 1108 782 1185 medicorum
803 1104 1028 1207 pathologia
1049 1108 1139 1181 item
1162 1132 1241 1180 non
1264 1109 1339 1180 nisi
1366 1100 1589 1181 morborum
1617 1104 1780 1180 historia
1800 1110 1985 1187 naturalis
2010 1115 2087 1210 est,
2120 1111 2218 1190 desi-

405 1232 634 1338 deraturque
664 1233 865 1334 generatio
894 1234 933 1308 et
962 1235 1228 1331 organicorum
1263 1255 1463 1303 causarum
1493 1233 1677 1330 cognitio.
1737 1232 1847 1308 Hanc
1875 1261 1967 1311 vero
1999 1236 2219 1313 historicam

404 1357 652 1459 pathologiae
673 1360 818 1458 partem
839 1353 889 1430 ad
918 1381 1102 1429 summum
1134 1351 1382 1456 perfectionis
1411 1352 1572 1453 gradum
1603 1353 1873 1454 excoluerunt,
1907 1364 1962 1435 sic
1989 1363 2034 1437 ut
2060 1366 2218 1462 cognito

406 1481 540 1559 ordine
568 1488 607 1558 in
629 1479 850 1557 morborum
874 1477 1040 1555 decursu
1070 1477 1275 1553 multorum
1300 1480 1403 1552 certe
1426 1475 1601 1553 medendi
1617 1483 1697 1555 vias
1707 1478 1883 1583 judicare
1899 1486 2106 1585 potuerint.
2129 1487 2220 1561 -Iloc
2267 1474 2270 1483 ¹

405 1606 538 1703 modo,
566 1610 736 1710 quamvis
758 1606 991 1680 internarum
1014 1606 1205 1677 actionum
1228 1627 1364 1676 causas
1389 1626 1468 1676 non
1490 1598 1769 1704 intelligerent,
1796 1609 1924 1683 tamen
1950 1607 2134 1684 imitando
2156 1636 2219 1685 so-

347 1823 358 1845 l
402 1729 512 1809 litum
539 1731 833 1836 symptomatum
853 1752 1123 1830 progressum,
1150 1731 1261 1831 quasi
1283 1725 1516 1827 exemplum,
1545 1728 1585 1805 et
1606 1728 1867 1806 succurrendo
1890 1734 2048 1809 naturas
2075 1716 2220 1809 conati·

403 1850 478 1931 bus
507 1851 863 1957 impedimentorum
891 1855 1100 1948 amotione,
1132 1849 1416 1955 physiologiam
1451 1852 1728 1931 auxiliatricem
1763 1854 1962 1958 negligere
1996 1862 2079 1934 sine
2107 1862 2220 1958 gravi

404 2006 509 2058 noxa
529 1981 749 2081 potuerunt.
804 1976 916 2079 Apud
938 1979 1087 2053 veteres
1107 1979 1229 2077 igitur
1245 2002 1309 2050 ars
1326 1979 1456 2077 potius
1474 1980 1586 2081 quani
1603 1979 1763 2054 scientia
1777 1978 1850 2057 t'uit
1865 1981 2067 2079 medicina,
2095 2009 2218 2087 neque
2294 1988 2301 2007 '

404 2132 475 2207 per
498 2104 626 2206 legum
651 2100 1020 2205 necessitudinisque
1039 2102 1139 2176 vitae
1160 2100 1438 2201 cognitionem,
1465 2098 1535 2176 sed
1557 2129 1627 2203 per
1642 2103 1799 2204 regulas
1816 2132 1866 2182 ex
1882 2134 1955 2182 usu
1972 2106 2215 2208 depromptas

405 2255 488 2308 eam
532 2217 772 2306 factitabant
836 2229 890 2304 Et
932 2230 1101 2330 quamvis
1138 2251 1187 2301 nc
1225 2227 1422 2301 scientiam
1459 2224 1611 2330 quidem
1648 2228 1831 2306 medicam
1872 2233 2076 2331 penitus
2064 2256 2213 2333 ignora-

403 2356 509 2451 rent,
537 2357 699 2432 scientia
720 2356 849 2431 tamen
869 2349 988 2452 longe
1009 2349 1122 2428 ubam
1145 2376 1257 2455 quam
1279 2348 1380 2453 apud
1403 2375 1476 2426 nos
1500 2346 1635 2429 habuit
1656 2354 1975 2466 significationem
1992 2358 2033 2433 et
2048 2358 2130 2433 arte
2146 2354 2216 2431 snit
2344 2380 2349 2385 ’

401 2478 575 2557 interior.

418 2697 421 2700 Α
537 2604 808 2680 Recentiorum
831 2629 922 2679 vero
944 2599 1177 2678 medicorum
1201 2597 1420 2697 clarissimi,
1453 2601 1659 2705 postquam
1693 2604 1788 2678 satis
1816 2601 2105 2700 intellexerunt,
2137 2629 2216 2680 uon
2352 2691 2356 2700 Ι

403 2733 533 2806 omnia
561 2725 784 2805 morborum
805 2752 952 2830 genera
972 2753 1043 2828 per
1065 2725 1163 2803 hane
1184 2724 1421 2823 methodum,
1444 2726 1604 2802 naturae
1619 2728 1702 2802 vias
1717 2728 1758 2802 ct
1778 2724 2045 2828 ¹phaenomena
2069 2728 2217 2807 imitan-

268 2911 277 2927 .
332 2892 334 2897 v
402 2832 496 2951 tem,
523 2880 641 2956 posse
658 2856 801 2949 curari,
828 2849 897 2929 scd
912 2851 1084 2928 accidere
1105 2847 1283 2949 morbos,
1306 2877 1467 2957 quorum
1488 2850 1665 2927 similes
1652 2877 1728 2926 rmo
1750 2876 1866 2953 pares
1887 2880 2025 2932 causae
2045 2857 2217 2931 internae

402 2977 552 3057 diversa
570 2973 847 3104 phaenomena
854 2979 1036 3080 gignant,
1065 2979 1106 3054 et
1131 3004 1267 3054 rursus
1293 2975 1412 3073 alios,
1442 3003 1603 3081 quorum
1638 2973 1826 3055 similibus
1856 2981 2120 3083 symptomatis
2160 2976 2215 3056 di-

400 3109 642 3183 versissimae
654 3115 791 3181 causae
803 3079 968 3197 subsint,
982 3127 1061 3178 non
1073 3104 1372 3203 potueruntnon
1384 3127 1617 3204 agnoscere,
1637 3106 1876 3206 quantopere
1888 3102 2073 3180 medicina
2085 3108 2217 3207 cogni·

399 3232 545 3305 tionem
567 3231 760 3305 essentiae
778 3224 905 3305 morbi
926 3231 1131 3328 organicae
1155 3224 1403 3305 desideraret.
1456 3229 1555 3303 Nam
1579 3253 1664 3303 cum
1686 3225 1813 3306 morbi
1834 3227 1928 3306 nihil
1944 3229 2078 3305 sint
2040 3233 2115 3305 rusi
2129 3255 2216 3332 per·

398 3379 533 3451 rer-sae
557 3356 728 3431 actiones
752 3352 954 3448 vitales,e
978 3354 1175 3431 sanitate
1163 3380 1249 3454 rpsa
1265 3331 1520 3454 prodeuntes,
1547 3350 1596 3427 ad
1612 3350 1710 3429 hanc
1726 3357 1885 3455 primam
1901 3349 2124 3431 morborum
2140 3358 2216 3433 ori·

388 3482 527 3584 ¹ginem
551 3476 786 3556 adscendere
807 3482 848 3556 et
868 3475 1153 3583 physiologiam
1174 3477 1224 3555 ad
1242 3505 1327 3557 eum
1344 3478 1477 3575 linem,
1503 3481 1548 3553 ut
1562 3475 1785 3555 morborum
1806 3481 1945 3555 natura
1969 3483 2124 3580 penitus
2151 3505 2216 3556 eo·

396 3607 670 3707 gnosceretur,
697 3601 877 3681 excolere
894 3606 1004 3680 eoact
1004 3631 1018 3678 ι
1005 3605 1136 3679 '.sunt
1188 3607 1245 3680 Ae
1262 3607 1430 3683 veterum
1447 3605 1680 3680 medicorum
1701 3605 2004 3705 praestantiores
2026 3600 2152 3681 illud
2132 3630 2215 3709 Jam

398 3726 629 3807 desiderium
652 3732 871 3825 senserant,
898 3756 1022 3832 neque
1045 3732 1171 3807 tamen
1200 3727 1286 3834 ejus
1315 3727 1496 3830 explendi
1519 3702 1745 3804 facultatem
1768 3732 1929 3831 propter
1955 3729 2214 3830 imperfectam
2290 3733 2292 3736 ⁴
2353 3706 2357 3715 ι

397 3855 578 3933 scientiae
600 3854 787 3933 naturahs
811 3853 1066 3933 conditionem
1091 3850 1297 3933 habebant
1350 3857 1404 3932 Et
1425 3853 1576 3957 quidem
1602 3852 1739 3929 Celsus
1762 3851 1941 3930 distincte
1963 3856 2111 3949 narrat,
2138 3878 2215 3930 nro·

399 3977 580 4085 dicorum·
599 4007 829 4083 graecorum
857 3979 1041 4057 clariores
1068 4004 1149 4057 non
1178 3982 1382 4059 contentos
1410 3979 1531 4057 luisse
1559 3973 1781 4055 vulneribus
1809 3978 1970 4073 mederi,
2003 3974 2072 4054 sed
2100 3979 2214 4054 etiam

396 4100 512 4194 altius
552 4092 730 4209 quiddam
770 4108 932 4184 conatos
968 4128 1096 4181 rerum
1135 4109 1294 4185 nabrrse
1333 4101 1410 4183 sibi
1452 4106 1711 4205 cognitionem
1749 4103 1981 4198 vindicasse,
2023 4104 2213 4206 tamquam

396 4231 481 4313 eine
505 4254 552 4307 ea
573 4230 710 4311 uuam
730 4233 771 4310 et
793 4227 934 4308 debilis
954 4232 1059 4306 esset
1076 4229 1273 4310 medicina.
1329 4231 1444 4323 Quae
1471 4230 1672 4331 praeterea
1697 4206 1799 4304 idem
1819 4230 1956 4304 auctor
1979 4227 2116 4303 contra
2136 4253 2214 4303 em·

391 4357 538 4455 phicos
571 4352 675 4432 illius
707 4359 892 4459 temporis
907 4354 1109 4456 disputat,
1147 4354 1261 4433 hodie
1292 4358 1444 4460 quoque
1472 4352 1660 4433 servanda
1687 4357 1795 4450 sunt,
1828 4356 2005 4468 nimirum
2032 4355 2213 4429 usumin

396 4476 641 4585 dijudicanda
662 4475 905 4559 similitudine
927 4477 1150 4559 morborum
1169 4480 1259 4559 ideo
1281 4508 1397 4585 saepe
1419 4477 1593 4558 fallacem
1617 4503 1724 4575 esse,
1751 4481 1841 4582 qnia
1867 4504 1969 4556 nora
1988 4473 2213 4553 morborum
2324 4532 2337 4545 ,

391 4630 538 4707 genera
560 4604 796 4710 inciderent,
822 4630 984 4711 qnorum
1000 4608 1235 4687 internarrun
1257 4633 1458 4689 musarum
1476 4605 1649 4706 cognitio
1672 4602 1821 4683 medico
1843 4604 2063 4681 necessaria
2091 4603 2211 4678 esset.

391 4728 585 4835 Recteque
607 4729 705 4808 idern
728 4735 875 4809 monuit
896 4760 1024 4811 rerum
1051 4735 1210 4813 naturae
1240 4732 1562 4836 contemplatione
1586 4728 1660 4807 etsi
1687 4728 1856 4807 medicos
1882 4753 1961 4819 non
1985 4725 2069 4802 lieri
2083 4730 2209 4805 tamen

391 4860 528 4933 eximie
554 4854 785 4961 adjuvari.
1676 4928 1679 4935 ,
1864 4926 1869 4932 .

524 4982 681 5057 Nostris
706 4948 858 5086 quiden·
880 4977 1117 5083 temporibus
1138 4976 1232 5086 quid
1254 4980 1441 5077 medicus,
1469 4974 1656 5102 publicus
1670 4982 1893 5083 praecipue,
1921 4977 2040 5067 esset
2049 4981 2133 5062 siue
2150 5002 2211 5053 rs-
