4830 6188
1319 430 1398 518 *24

601 627 812 706 Observavi
839 629 950 700 etiam
978 621 1212 698 calomelauo
1228 624 1380 722 sumpto
1395 644 1514 724 aeque
1542 623 1685 697 austeri
1712 608 1854 697 coloris
1881 619 1964 697 lieri
1991 621 2115 698 alaine
2141 646 2276 699 excre-
2391 656 2395 661 ·

363 809 366 815 -
467 758 594 834 menta
620 757 731 854 atque
759 747 903 842 cbinio,
930 745 970 822 id
996 751 1122 821 tamen
1149 747 1353 841 interesse,
1394 744 1513 848 quod,
1556 772 1670 847 quum
1696 744 1791 821 illud
1818 748 1960 822 excitet
1986 744 2186 822 admodum
2214 773 2276 823 se-
2378 816 2382 821 .

305 900 308 907 '
338 916 345 925 ·
427 889 430 897 '
469 885 674 957 cretionem
700 875 858 976 pituitae
884 873 1152 946 intestinorum
1181 871 1219 942 et
1238 868 1346 969 apud
1372 896 1431 945 me
1447 867 1609 973 ⁴quidem
1636 868 1759 946 susam
1785 869 1846 947 vel
1871 869 1998 947 laxam
2031 868 2165 961 saltem
2192 869 2278 949 effi·

468 1007 543 1089 ciat
568 1001 709 1094 alvum,
743 996 818 1073 boc
845 997 981 1071 contra
1006 991 1129 1068 alvum
1156 996 1370 1093 comprimit
1396 995 1435 1069 et
1460 989 1625 1069 cohibet.

767 1240 901 1306 Matar
934 1240 1130 1325 eorporis
1163 1245 1201 1300 et
1232 1239 1360 1302 antaei
1393 1236 1572 1324 effectae
1605 1240 1647 1304 ia
1683 1237 1968 1323 digestionem.

599 1366 809 1469 Admodum
836 1392 926 1441 vero
954 1368 1143 1465 insignem
1156 1369 1241 1458 vim,
1269 1391 1317 1438 ne
1345 1364 1571 1465 impediatur
1598 1368 1751 1441 omnino
1768 1365 1945 1467 digestio,
1973 1363 2139 1443 babebat
2166 1373 2276 1470 quies

469 1498 642 1599 corporis
669 1493 893 1594 praesertim
919 1493 960 1563 in
987 1483 1213 1563 libramento
1241 1492 1370 1589 positi.
1426 1492 1561 1566 (imnis
1590 1470 1755 1564 enimet
1781 1495 2276 1591 corporismotusetmen-

358 1692 360 1697 .
468 1627 519 1701 tis
546 1619 724 1711 intentio,
752 1615 811 1690 rel
840 1616 1014 1713 minimus
1043 1609 1138 1684 adeo
1165 1608 1289 1706 labor,
1317 1615 1417 1687 inter
1444 1610 1698 1713 digestionem
1710 1613 1910 1689 ventriculi
1926 1621 2091 1691 crassive
2105 1619 2277 1692 intestini

468 1738 564 1823 adeo
592 1735 774 1833 nocebat,
802 1740 845 1811 ut
871 1762 941 1812 nec
970 1734 1132 1811 chinium
1159 1760 1230 1810 nec
1259 1738 1422 1811 secretio
1450 1734 1552 1812 sellis
1582 1764 1628 1812 eo
1656 1735 1786 1839 adjuta
1813 1741 1939 1813 statim
1966 1737 2181 1838 prodesset.

1081 1978 1281 2058 Quoneodo
1306 1945 1449 2066 febris
1482 1981 1673 2053 desierit,

589 2108 721 2205 ¹Quod
749 2136 866 2209 supra
881 2098 974 2184 dixi
1000 2109 1121 2182 totum
1148 2134 1207 2182 me
1235 2110 1408 2207 potuisse
1435 2107 1587 2184 modum
1616 2107 1813 2208 digerendi
1828 2107 2003 2185 distincte
2017 2117 2208 2213 persequi,
2235 2111 2278 2187 id

468 2243 560 2344 post
586 2235 847 2315 decessionem
874 2228 995 2307 febris
1025 2234 1165 2306 sensim
1194 2230 1326 2304 eodem
1358 2231 1473 2306 modo
1507 2259 1582 2334 quo
1617 2236 1757 2308 sensim
1785 2235 1868 2307 erat
1895 2238 2019 2315 ortum
2046 2233 2211 2310 decrevit
2238 2238 2279 2338 et
2359 2318 2364 2325 ,

469 2364 637 2457 evanuit,
664 2355 811 2434 tardius
838 2360 964 2431 tamon
993 2353 1200 2455 ordineque
1227 2356 1271 2427 ut
1296 2351 1494 2432 videbatur
1520 2359 1685 2430 inverso.

601 2485 755 2562 Etenim
782 2481 952 2554 intestini
979 2482 1099 2552 crassi
1127 2480 1253 2552 motus
1280 2482 1372 2578 post
1398 2483 1656 2555 accessionem
1682 2475 1801 2555 febris
1829 2485 1989 2581 primum
2018 2480 2118 2557 clare
2135 2472 2279 2557 'sentie-

390 2631 397 2651 ¹
467 2610 557 2690 bam
584 2614 623 2685 in
652 2605 737 2684 celo
766 2605 1008 2698 transvorso,
1044 2601 1116 2676 bos
1145 2604 1301 2700 excepit
1329 2601 1403 2679 coli
1437 2601 1677 2679 ascendentis
1711 2605 1750 2678 et
1780 2607 1950 2680 intestini
1984 2611 2088 2681 cocci
2115 2609 2277 2705 agitatio
2371 2616 2375 2623 '

471 2733 657 2836 simulque
690 2729 771 2807 lere
802 2724 1001 2805 ventriculi
1036 2723 1290 2829 duodenique,
1331 2729 1526 2830 postremo
1555 2730 1696 2823 autem,
1740 2753 1852 2831 quum
1881 2728 2016 2831 reliqui
2048 2733 2173 2804 motus
2194 2730 2278 2835 jam

471 2859 649 2936 accurate
681 2857 720 2930 et
751 2854 951 2955 perspicue
991 2853 1187 2944 sentirem,
1228 2850 1423 2951 postremo
1462 2855 1561 2927 enim
1601 2850 1650 2926 ad
1691 2877 1772 2926 eam
1813 2879 1893 2928 rem
1938 2851 2081 2927 adverti
2113 2859 2278 2931 animum

470 3008 593 3063 meum
620 2977 673 3055 iel
700 3001 750 3053 ex
776 2979 902 3069 vesica
926 2978 966 3048 in
994 2970 1208 3048 duodenum
1237 2970 1359 3049 lluens
1387 3001 1471 3050 cum
1498 2973 1668 3078 cibisque
1695 3002 1765 3078 per
1791 2980 2010 3052 intestinum
2021 2980 2136 3055 tenue
2155 3006 2277 3081 usqua

471 3106 520 3183 ad
547 3126 701 3180 coecum
728 3125 885 3176 manans
914 3099 1098 3173 attentum
1124 3124 1185 3172 me
1212 3095 1387 3209 reddidit.
1441 3098 1555 3174 Ratio
1584 3103 1726 3194 autem,
1761 3126 1836 3203 qua
1862 3099 1955 3175 hacc
1983 3107 2122 3176 sensim
2151 3108 2279 3178 omnia

360 3240 363 3245 ’
471 3230 635 3306 mentem
661 3249 782 3300 meam
808 3222 1004 3322 lugerent,
1045 3246 1090 3296 oa
1118 3224 1216 3315 erat,
1256 3225 1300 3295 ut
1326 3226 1487 3322 primum
1514 3220 1566 3297 lel
1593 3219 1755 3298 ailluens
1782 3210 1998 3326 motumque
2026 3228 2195 3301 intestini
2222 3233 2277 3303 te·

470 3357 576 3447 nnis,
605 3346 739 3425 deinde
766 3344 963 3425 ventriculi
990 3346 1233 3449 intestinique
1262 3351 1378 3440 coeci,
1405 3348 1485 3419 tum
1513 3344 1587 3420 coli
1600 3348 1808 3424 transversi
1827 3350 2072 3449 agitationem
2090 3375 2168 3423 uon
2186 3377 2277 3449 pos·

473 3503 553 3555 sem
580 3473 771 3578 persequi.

904 3715 1052 3783 Lienis
1084 3723 1121 3781 et
1148 3719 1392 3803 poacrectia
1425 3718 1532 3782 actio
1565 3738 1642 3782 aaa
1675 3718 1838 3783 acolito.

606 3844 775 3923 Dolores
802 3841 913 3920 lienis
939 3840 999 3920 vel
1027 3840 1130 3919 aliud
1157 3824 1247 3949 quid
1271 3843 1395 3920 'simile
1421 3870 1623 3946 numquam
1655 3824 1916 3940 animadverti,
1957 3872 2079 3951 neque
2112 3874 2186 3950 qua
2217 3877 2278 3925 ra-

473 3976 577 4048 tione
604 3972 739 4071 ageret
765 3990 950 4069 pancrees
977 3995 1143 4071 unquam
1170 3967 1354 4043 intellexi.
1410 3970 1501 4059 Quo
1530 3972 1627 4043 enim
1655 3994 1936 4071 nonnumquam
1965 3969 2098 4045 dolore
2116 3996 2193 4047 non
2212 3975 2278 4049 ad-

473 4092 626 4173 modum
652 4096 773 4193 premi
800 4090 900 4165 latus
927 4089 1072 4173 laevum
1100 4089 1327 4186 sentiebam,
1361 4118 1471 4194 quem
1503 4095 1611 4166 initio
1640 4117 1690 4166 ex
1716 4090 1814 4167 liene
1840 4091 1984 4167 sontem
2013 4092 2150 4170 ducere
2177 4094 2278 4173 arbi·

472 4211 624 4310 trabar,
651 4217 789 4314 postea
815 4240 899 4309 cum
928 4240 1042 4314 saepe
1069 4219 1108 4290 in
1136 4213 1222 4290 colo
1250 4214 1469 4291 ascendenti
1501 4218 1687 4315 inciperet
1717 4216 2029 4319 propagatusque
2061 4245 2130 4318 per
2164 4198 2277 4297 colon

473 4346 732 4417 transversum
765 4365 829 4432 eo,
871 4363 946 4439 quo
982 4336 1078 4434 dixi,
1105 4336 1211 4433 loco,
1251 4334 1319 4413 ubi
1346 4341 1453 4412 initio
1481 4345 1587 4414 nasci
1614 4365 1699 4415 eum
1726 4334 1923 4438 opinabar,
1950 4338 2140 4436 liniretur,
2171 4349 2279 4421 satis

473 4467 676 4567 perspicue
703 4486 752 4538 ex
778 4461 895 4539 initiis
923 4459 998 4536 coli
1025 4459 1265 4538 ascendentis
1292 4486 1443 4536 manare
1470 4461 1653 4538 intellexi.

1262 4705 1491 4773 Conclusio.
1600 4719 1616 4757 ⁸

607 4835 733 4910 llasce
759 4830 841 4937 jam
876 4827 1164 4908 observationes
1196 4833 1282 4908 ideo
1315 4837 1518 4907 memoriae
1550 4830 1702 4906 tradere
1735 4835 1868 4927 statui,
1898 4830 1999 4933 quod
2026 4840 2177 4933 praeter
2204 4839 2279 4914 alia

473 4957 592 5039 multa
618 4956 657 5033 id
675 4956 892 5035 viderentur
911 4953 1190 5049 demonstrare,
1217 4954 1418 5049 medicum,
1448 4959 1511 5056 qui
1527 4978 1576 5030 ex
1590 4954 1683 5030 solis
1704 4958 1960 5055 experientiae
1974 4957 2119 5058 regulis
2133 4960 2278 5039 morbis
