4830 6188
1113 462 1118 472 “
1162 447 1253 524 vm
1304 502 1314 525 ,

428 626 610 707 Sufficiet
637 623 685 703 ad
712 621 811 703 hauc
837 648 918 701 rem
946 620 1124 727 exemplo
1150 619 1416 705 illustrandam
1443 623 1649 709 admouere
1675 633 1818 710 inventi
1831 631 2048 741 llarvcyani
2069 638 2115 716 dc

295 773 555 851 circulatiouis
584 768 853 864 mechanismo,
881 764 996 874 quod,
1024 794 1249 874 quamquam
1277 767 1427 848 Gelono
1445 773 1742 850 omniuouotum
1763 785 1855 875 crat,
1882 781 2010 857 tamen
2036 783 2116 856 tum

298 918 447 994 demum
475 912 725 988 communiter
750 911 947 1013 acceptum
976 914 1048 1007 est,
1075 916 1280 1018 postquam
1293 910 1392 993 alias
1419 917 1653 1015 cognitionis
1682 916 1929 999 condiciones
1943 948 2117 1000 accesse-

296 1070 396 1136 runt.
452 1058 586 1159 Neque
615 1063 805 1131 certamen
833 1050 936 1130 istud
965 1055 1188 1131 acerrimum
1215 1057 1491 1158 principiorum
1519 1055 1727 1136 medicinae
1755 1068 1922 1141 veterum
1937 1072 2117 1143 etrecen-

297 1205 436 1277 tiorum
464 1196 551 1274 iude
580 1226 604 1272 a
631 1195 902 1298 Theophrasto
929 1194 1136 1273 Paracelso
1163 1195 1315 1275 aliunde
1341 1206 1472 1301 potest
1497 1199 1700 1302 explicari,
1731 1227 1843 1308 quam
1871 1205 1974 1310 qnod
1999 1208 2119 1286 Para-

272 1352 276 1359 '
300 1342 396 1447 celsi
425 1341 601 1417 doctrina
627 1342 789 1440 primum
817 1338 966 1416 feturae
993 1336 1130 1415 similis
1155 1365 1234 1416 non
1261 1344 1314 1416 ita
1341 1343 1425 1416 erat
1451 1337 1667 1439 elaborata,
1695 1346 1739 1421 ut
1756 1371 1827 1447 pcr
1846 1373 1977 1426 omnen
1997 1355 2120 1427 scien·

168 1526 171 1530 ⁴
299 1492 375 1563 tiae
408 1489 537 1586 partes
571 1483 792 1582 penetrare,
833 1483 994 1585 ipsaque
1027 1476 1076 1557 ub
1110 1486 1213 1558 omui
1244 1481 1487 1561 dissensione
1513 1479 1668 1562 liberari
1694 1489 1840 1589 posset.
1895 1492 2121 1593 Nuperrime

157 1640 164 1659 ¹
301 1635 426 1705 tamen
459 1627 551 1727 post
581 1623 712 1698 tantos
751 1621 988 1704 saeculorum
1021 1649 1256 1726 progressus
1289 1623 1518 1703 desiderium
1552 1625 1807 1708 emendandae
1834 1630 2042 1709 medicinae
2070 1638 2123 1711 ita

303 1770 479 1863 accrevit,
492 1772 536 1841 ut
548 1764 708 1896 ulterior
721 1760 886 1841 evolutio
899 1763 1108 1842 medicinae
1121 1793 1210 1843 vere
1224 1765 1514 1870 physiologicae
1527 1794 1606 1845 uon
1621 1769 1783 1871 amplius
1797 1771 1969 1874 impediri
1983 1780 2121 1876 possit.

439 1906 559 2002 Quod
586 1910 719 1985 attinet
747 1904 924 1983 adhunc
952 1916 1124 1984 nostrum
1153 1904 1324 1988 laborem
1352 1909 1400 1986 do
1419 1908 1683 1988 alimentorum
1697 1918 1947 1992 concoctione
1960 1942 2040 1999 non
2054 1914 2123 1994 abs

304 2085 347 2133 rc
376 2056 449 2131 crit
475 2051 612 2144 fateri,
647 2075 731 2128 eum
758 2077 782 2125 a
809 2075 868 2126 me
896 2051 1116 2152 susceptum
1144 2076 1249 2148 esse,
1291 2051 1396 2154 quod
1423 2080 1483 2128 mc
1509 2062 1667 2156 urgeret
1693 2054 1887 2132 intellecta
1912 2062 2122 2135 necessitas

44 2254 49 2264 ι
158 2256 161 2261 -
306 2198 538 2304 cognitionis
565 2191 777 2288 rationalis,
806 2217 919 2297 quam
946 2191 1209 2293 phaenomena
1233 2191 1363 2269 vitalia
1390 2198 1602 2296 organismi
1630 2195 1864 2296 desideraut3
1898 2226 1969 2276 nec
2002 2200 2121 2302 lugiet

136 2350 162 2434 J
306 2343 455 2444 peritos
484 2335 675 2413 assiduam
702 2361 761 2410 mc
789 2346 917 2410 curam
935 2329 985 2411 'ct
1011 2359 1166 2435 operam
1199 2330 1417 2412 adhibuisse
1449 2337 1529 2411 tum
1555 2337 1746 2415 eruendae
1774 2343 1929 2418 intimae
1958 2340 2123 2442 phaeno-

307 2507 505 2563 menorum
538 2482 803 2580 empiricorum
836 2482 1011 2572 naturae,
1029 2485 1157 2580 ‘quam
1174 2504 1177 2509 ·
1192 2474 1467 2586 convertendae
1496 2475 1546 2553 ad
1577 2479 1690 2556 finem
1721 2506 1908 2584 usumque
1940 2482 2125 2560 modicum

308 2649 477 2706 summae
504 2623 862 2725 experimentorum.

285 2744 290 2753 ’
445 2772 570 2872 Atque
598 2764 631 2841 si
657 2766 703 2840 iu'
723 2763 784 2845 hie
812 2760 1015 2840 conatibus
1042 2789 1120 2841 non
1147 2761 1198 2843 ab
1225 2770 1327 2843 omni
1352 2767 1464 2868 parte
1501 2773 1637 2844 metam
1664 2770 1905 2871 propositam
1936 2771 2128 2873 ¹attingere

308 2923 491 3019 potuero,
527 2908 650 2985 lector
676 2903 886 2985 benevolus
912 2930 973 2983 mc
999 2904 1087 2984 ideo
1115 2911 1337 2986 excusatum
1363 2905 1540 3008 babebit,
1582 2883 1686 3014 quod
1717 2912 1757 2987 in
1789 2908 1907 2990 rebus
1933 2912 2013 2987 tom
2039 2937 2129 3014 gra-
2216 2882 2219 2891 ⁴

309 3055 421 3136 ribus
450 3079 496 3129 ac
523 3045 762 3145 difficilibus,
805 3050 917 3126 etiam
943 3051 1036 3150 post
1062 3052 1167 3127 viros
1194 3058 1271 3127 tam
1297 3048 1495 3149 illdstres,'
1527 3049 1661 3157 quales
1688 3078 1709 3128 a
1734 3048 2013 3132 recentioribus
2041 3058 2132 3130 suut

311 3198 613 3291 Tiedcmanuus,
642 3190 858 3288 Gmeliuus,
886 3191 1105 3290 Leuretius,
1127 3176 1411 3295 'hassaigueum
1429 3189 1659 3298 aptioribus
1674 3191 1987 3295 Spallauzauius‚
2006 3197 2131 3273 lteau·

313 3343 477 3436 mutius,
503 3333 713 3416 Viridetius
745 3333 886 3441 aliique
918 3338 959 3410 in
992 3333 1124 3412 eadem
1156 3362 1199 3412 re
1234 3333 1524 3438 diligentissima
1551 3337 1748 3477 occuppti9
1779 3344 1906 3416 tumen
1932 3365 2049 3442 saepe
2077 3340 2132 3417 ct'·

312 3487 377 3565 tici
404 3508 483 3561 non
508 3483 652 3584 potuit,
678 3484 722 3554 ut
748 3479 890 3556 verit-as
916 3474 1005 3555 inde
1032 3503 1083 3554 ex
1108 3475 1251 3555 ultimis
1278 3480 1477 3585 principiis
1505 3486 1704 3558 crueretur
1729 3478 1918 3585 simulque
1936 3507 2058 3586 usque
2083 3482 2131 3559 ad

185 3662 191 3677 ·
314 3651 503 3707 summam
529 3622 803 3726 perfectionem
830 3613 1106 3699 absolveretur.

449 3764 692 3871 Relinquitur
707 3770 752 3841 ut
771 3764 997 3867 gratissima
1010 3763 1137 3839 mente
1160 3787 1467 3860 commemorem,
1494 3768 1616 3841 virum
1638 3760 2001 3844 excellentissimum
2021 3764 2135 3843 bibe·

315 3925 400 3993 rum
416 3913 607 3988 Batonem
630 3906 742 3984 Stein
765 3900 814 3982 ab
831 3902 1061 3999 Alteustein,
1078 3907 1185 4006 regis
1201 3908 1242 3981 iu
1262 3899 1461 4006 republica
1476 3905 1647 3981 intimum
1670 3908 1901 4006 ministrum,
1919 3912 2134 3985 nonmtnus

269 4064 282 4073 '
316 4058 410 4137 hacc
426 4078 511 4131 mea
527 4050 788 4149 experimenta
805 4069 919 4155 quam
937 4071 1070 4126 omues
1086 4070 1195 4123 meos
1210 4041 1363 4124 laboras
1382 4051 1535 4148 priores
1556 4043 1709 4125 liberali
1730 4049 1772 4125 et
1784 4049 1955 4150 ingenua
1970 4073 2041 4124 sua
2056 4076 2136 4127 mu·

231 4238 238 4247 ·
316 4194 512 4275 uiticentia
533 4217 645 4295 quam
660 4191 825 4266 maxime
840 4184 1046 4292 adjuvisse,
1063 4194 1338 4292 praetereaque
1352 4189 1459 4267 viros
1475 4185 1770 4285 illustrissimos,
1790 4191 1897 4292 regis
1913 4192 2040 4266 nostri
2061 4191 2136 4270 clo·

292 4371 296 4381 ·
317 4334 544 4417 mentiosimi
562 4328 792 4430 brebiatros,
818 4326 1248 4426 emaculandum,
1267 4325 1526 4408 consiliarium
1544 4355 1761 4434 supremum
1776 4330 1817 4408 ln
1834 4325 1952 4409 rebus
1967 4330 2137 4434 medicis,

200 4461 203 4467 ⁴
319 4488 434 4587 atqua
450 4467 694 4570 Wiebclium,
711 4495 897 4551 summum
912 4496 1040 4553 rerum
1057 4469 1287 4552 medicorum
1304 4469 1527 4551 militarium
1545 4471 1791 4574 praelectum,
1808 4475 1971 4578 egregio
1992 4474 2139 4584 lavoro,

316 4623 431 4733 quem
453 4611 651 4697 laboribus
672 4619 766 4694 meis
788 4610 1032 4720 perficiendis
1053 4609 1278 4714 tribuerent,
1306 4612 1433 4697 studia
1452 4639 1538 4692 mea
1557 4614 1598 4690 in
1620 4591 1756 4696 bac're
1777 4613 1969 4693 collocata
1989 4623 2139 4700 acuisse
2202 4598 2207 4605 ¹
2255 4602 2259 4617 ¹

322 4772 363 4847 et
379 4764 575 4849 incitasse.
615 4755 822 4863 Areliquis
838 4759 945 4856 viris,
969 4758 1131 4838 naturae
1147 4756 1448 4862 perscrutandae
1464 4751 1615 4852 deditis,
1639 4754 1732 4837 nihil
1748 4757 1874 4860 magis
1894 4760 2006 4859 opto,
2026 4787 2138 4870 quum

321 4915 365 4988 ut
388 4905 516 5010 aliquo
536 4893 736 4982 laboribus
764 4901 944 5008 camoque
969 4900 1117 4982 noenu
1143 4903 1271 5003 grstia
1296 4895 1491 4980 habeatur·

1079 5040 1390 5075 ἡ
